2634 4509
741 284 1759 355 APOLOGIA·
2210 316 2255 373 γ

253 388 1869 559 {2221‘335'2‘22033ssgsa‘fsss‘sszssffssatffmg’s’ssa‘ss‘ssffl
1898 388 2252 541 334223‘123:

250 574 510 621 terarum
536 557 732 619 lucem
750 558 1022 638 adeoque
1043 558 1238 621 minus
1257 552 1635 637 frequentem
1653 560 1711 621 in
1733 558 1851 621 hoc
1870 576 2083 639 genere
2104 578 2251 643 pec·-

247 639 425 702 candi
449 658 681 703 morem
699 684 716 711 ‚
759 638 826 700 &
861 638 1168 723 postquam
1203 635 1491 703 beneficio
1526 641 1785 723 praeclari
1802 638 2249 725 Typographiae

245 723 470 786 inventi
491 720 748 783 restituta
770 720 974 803 paffim
1013 742 1118 805 pet
1151 723 1310 786 viros
1344 722 1611 785 eruditos
1645 721 1742 786 sua
1761 723 2058 789 veteribus
2078 724 2247 789 libris

253 806 562 886 integritas
580 801 772 865 statim
789 803 1068 867 latiffime
1086 806 1274 890 patuit
1291 850 1310 879 ,
1346 824 1528 888 eaque
1546 824 1610 868 re
1623 806 1951 871 constitutae
1978 827 2050 871 ac
2067 806 2248 871 stabi·

240 886 357 951 litae
380 886 560 949 videri
581 903 853 970 poterant
874 904 1019 950 verae
1053 907 1126 951 ac
1158 905 1449 969 germanae
1480 888 1773 953 librorum
1808 889 2133 969 leffiones3
2172 904 2242 953 ut

245 970 464 1033 merito
497 968 944 1050 corruptiffitriae
983 988 1226 1053 quaeque
1257 969 1555 1054 scripturae
1586 970 1999 1053 antiquitatem
2040 972 2241 1056 sapere

242 1052 908 1134 existimentur,integroe
929 1070 1128 1116 autem
1146 1054 1213 1116 Bc
1228 1052 1510 1137 castigata
1529 1054 1809 1117 novitatis
1828 1054 1865 1117 s
1854 1055 2091 1139 uspessae
2108 1055 2238 1120 sint.

247 1134 484 1199 Contra
503 1135 648 1195 verb
670 1150 840 1197 aetate
857 1134 1137 1218 descripti
1157 1135 1323 1213 hujus
1342 1134 1569 1199 codicis
1586 1182 1604 1205 ,
1618 1136 1755 1199 cum
1775 1138 1971 1200 adhuc
1990 1138 2237 1221 ingeniis

234 1220 558 1281 hominum
575 1218 714 1280 fitus
729 1218 831 1280 ille
848 1220 884 1281 a
903 1219 1178 1281 diuturna
1200 1218 1507 1283 Musarum
1524 1217 1877 1303 negligentia
1893 1220 2235 1283 contractus

241 1302 488 1365 haereret
507 1348 524 1375 ,
563 1317 758 1365 vetera
777 1300 947 1378 juxta
964 1319 1033 1363 ae
1053 1321 1212 1364 nova
1225 1300 1557 1365 litterarum
1580 1320 1969 1365 monumenta
1985 1303 2229 1377 eodem,

242 1402 314 1447 ut
337 1386 415 1447 ita
431 1386 652 1455 dicam,
671 1383 810 1445 cibo
828 1382 985 1465 pasta
1003 1386 1298 1447 cernimus
1320 1429 1340 1457 ,
1375 1384 1595 1447 eodem
1609 1382 1814 1447 affecta
1834 1384 2060 1449 morbo
2082 1434 2099 1457 ,
2118 1403 2229 1448 eo·

239 1467 386 1529 dem
408 1467 538 1529 luto
557 1463 785 1529 foedata
805 1512 822 1538 ,
861 1464 1190 1529 rusticitatis
1229 1484 1407 1551 atque
1444 1466 1795 1547 inelegantiae
1812 1469 1869 1530 in
1893 1466 2084 1531 verbis
2100 1514 2122 1543 ,
2164 1469 2229 1533 iu

237 1550 560 1623 sententiis,
581 1550 642 1611 iu
660 1548 827 1611 omni
850 1547 1103 1630 denique
1121 1550 1359 1613 dicendi
1380 1550 1444 1613 δε
1467 1546 1752 1613 scribendi
1774 1553 2022 1613 ratione.

315 1632 482 1695 Mire
499 1631 725 1713 ingenia
745 1630 898 1692 illius
923 1628 1104 1693 saeculi
1125 1628 1204 1693 ab
1223 1633 1389 1695 omni
1408 1647 1623 1715 genere
1641 1630 1992 1705 litterarum,
2020 1646 2225 1715 praerer

241 1712 646 1795 Theologiam
689 1712 750 1774 δι
795 1712 1313 1796 lurisprudentiam
1354 1732 1422 1775 ae
1458 1712 1827 1775 Medicinam
1865 1762 1885 1787 ‚
1936 1716 2223 1777 abhorre-

233 1796 416 1873 bant3
461 1797 600 1857 cusu
635 1811 843 1859 caetera
883 1797 1088 1861 omnia
1125 1794 1409 1860 doetrinae
1428 1794 1613 1859 studia
1636 1842 1653 1868 ,
1687 1811 1865 1879 atque
1882 1797 1939 1859 in
1977 1797 2064 1859 his
2086 1796 2225 1877 ipsis

233 1898 480 1941 omnem
497 1880 720 1941 cultum
743 1924 762 1951 ‚
803 1896 1166 1963 omnemque
1180 1879 1472 1941 orationis
1488 1894 1765 1941 ornatum
1786 1924 1801 1950 ,
1822 1877 2076 1941 morbos
2093 1879 2223 1941 ani-

229 1964 318 2031 mi
348 1981 704 2044 morumque
723 1962 1124 2045 corruptelam
1141 1960 1349 2045 paffim
1366 1958 2058 2043 appellarent5secumque
2076 1976 2225 2043 proe-

230 2046 393 2107 clare
405 2046 502 2125 agi
521 2042 948 2107 arbitrarentur
967 2044 1331 2107 humanioris
1348 2042 1633 2106 doetrinae
1651 2042 1758 2105 viri
1779 2090 1797 2118 ,
1833 2042 2007 2127 fipro
2022 2043 2217 2125 magis

232 2129 300 2191 δε
317 2126 598 2189 maleficis
614 2126 694 2187 ab
712 2126 1022 2189 bominum
1042 2144 1203 2189 coetu
1221 2146 1342 2189 non
1374 2142 1721 2191 arcerentur
1752 2142 1773 2187 ε
1819 2127 1877 2189 id
1902 2125 2067 2209 quod
2088 2143 2221 2187 me-

229 2210 434 2273 moriae
455 2206 708 2271 Silvestri
731 2208 990 2272 Secundi
1029 2208 1214 2274 Rom.
1234 2208 1408 2273 Pont.
1425 2208 1870 2292 propemodum
1892 2207 1993 2269 usu
2015 2208 2173 2269 venit
2192 2251 2212 2280 ,

227 2294 370 2355 cum
390 2307 702 2374 propterea
739 2292 904 2373 qubd
931 2290 1320 2355 Astronomiae
1360 2293 1426 2355 δε
1446 2308 1829 2361 numerorum
1864 2288 2108 2352 scientia
2128 2290 2216 2353 in-

227 2374 497 2452 telligens
513 2372 594 2435 est
611 2370 846 2435 habitus
863 2421 880 2448 ,
922 2394 1284 2457 quamquam
1303 2390 1429 2435 erat
1446 2374 1687 2457 egregie
1705 2372 1834 2453 pius
1850 2392 1919 2435 ac
1942 2368 2169 2435 sanstus
2190 2419 2210 2449 ,

225 2456 454 2521 finistris
471 2454 548 2516 ab
569 2456 840 2537 imperita
861 2457 1196 2538 posteritate
1213 2456 1626 2520 necromantiae
1644 2501 1665 2531 ,
1701 2454 2105 2541 &impiorum
2126 2454 2213 2519 sa-

226 2558 469 2601 ctorum
493 2536 830 2601 rumoribus
843 2536 1160 2603 laboravit.

301 2618 420 2683 Sed
440 2622 578 2703 quid
603 2640 720 2703 ego
739 2623 817 2682 de
849 2620 1260 2685 incommodis
1281 2620 1366 2683 rei
1400 2618 1694 2685 litterariae
1712 2618 1951 2684 illorum
1972 2636 2213 2705 tempo-

225 2726 356 2769 rum
395 2719 518 2765 tam
544 2704 729 2766 multa
763 2702 1046 2786 disputo?
1087 2702 1266 2781 Quasi
1287 2704 1432 2765 verb
1468 2702 1534 2767 fit
1556 2723 1709 2787 opus
1744 2703 2106 2787 argumentis
2143 2702 2211 2766 δι

223 2786 576 2865 coniecturis
598 2790 656 2849 in
691 2805 754 2847 re
789 2788 1056 2849 omnium
1079 2782 1458 2870 liquidiffima
1474 2834 1493 2862 ,
1531 2805 1826 2869 quamque
1862 2806 1978 2849 non
2016 2784 2207 2849 solum

224 2888 426 2934 mente
463 2872 524 2931 δι
545 2868 906 2951 cogitatione
935 2868 1498 2950 comprehendimus
1519 2916 1538 2944 ,
1579 2869 1675 2931 sed
1711 2867 1843 2951 ipsis
1861 2866 2051 2929 oculis
2068 2867 2205 2929 sub-

219 2953 438 3031 jectam
461 2954 524 3014 &
543 2950 865 3035 expositam
887 2948 1188 3015 habemus.
1229 2950 1318 3011 Ad
1328 2948 1529 3031 spicite
1546 2948 1765 3033 quaeso‚
1786 2948 1855 3013 P.
1876 2946 1952 3011 C.
1974 2948 2037 3010 &
2053 2968 2208 3012 eon-

138 3078 141 3081 -
219 3036 590 3115 templamini
607 3032 924 3105 tabulas,ac
942 3034 1155 3097 statuas
1169 3032 1327 3097 illius
1342 3034 1525 3097 aetatis
1544 3030 1841 3096 artificum
1859 3032 1917 3095 in
1937 3049 2205 3095 veterum

220 3117 594 3197 templorum·
611 3116 926 3198 parietibus
943 3116 1135 3181 adbuc
1175 3116 1493 3192 baerentes3
1529 3116 1918 3200 quicquamne
1950 3115 2125 3177 vobis
2144 3114 2205 3177 iu

217 3195 2205 3364 32253‘31‘5022‘232503‘zsssssszpffliiss'soffi‘5203323022253353‘33

219 3362 536 3447 aequalibus
555 3362 822 3425 habitum
839 3362 1004 3427 casus
1023 3364 1233 3445 aliquis
1253 3366 1310 3427 in
1342 3364 1643 3427 officinam
1662 3362 1951 3427 artificum
1972 3362 2205 3427 nostro-

219 3466 352 3509 rum
371 3442 700 3529 quamlibet
720 3447 1118 3509 mediocrium
1139 3445 1377 3509 deferat
1397 3495 1414 3521 ,
1430 3467 1500 3509 ac
1516 3448 1613 3511 ille
1630 3449 1711 3509 de
1726 3448 1949 3530 piciura
1966 3446 2206 3509 diflere-

220 3547 284 3591 re
304 3548 374 3591 ac
413 3528 679 3605 judicare
715 3524 968 3591 instituat
986 3576 1003 3602 ,
1059 3532 1252 3612 prope
1272 3528 1355 3590 est
1389 3547 1454 3589 ut
1488 3528 1811 3591 existimem
1852 3528 2199 3591 auditurum
2334 3608 2339 3614 ⁴

220 3611 387 3696 quod
407 3610 556 3673 olim
575 3610 653 3671 ab
692 3609 896 3692 Apelle
913 3611 1242 3674 Alexander
1257 3610 1505 3684 audivit,
1546 3610 1860 3675 Facesseret
1876 3610 2038 3673 illinc
2055 3629 2201 3694 pro·

261 3697 360 3757 ere
379 3740 400 3769 ,
439 3712 548 3755 nec
568 3694 764 3774 pueris
779 3693 1024 3756 colores
1059 3692 1435 3757 miscentibus
1478 3692 1613 3756 risui
1633 3692 1746 3756 effe
1779 3693 2194 3781 perseveraret.

216 3716 364 3840 Eloc
379 3778 598 3847 eodem
618 3773 884 3857 squalore
919 3776 1252 3860 eademque
1271 3772 1540 3859 rubigine
1570 3794 1811 3843 caterae
1842 3796 1951 3840 vos
1984 3776 2199 3837 huma-

215 3862 422 3928 niores
437 3857 738 3927 deditinas
753 3856 1006 3926 infectas
1021 3878 1094 3927 ac
1111 3856 1486 4010 elegera-natas
1504 3906 1525 3939 ,
1542 3858 1763 3928 eadem
1786 3858 1966 3947 opera
1983 3854 2199 4004 intgtzri

1263 3956 1312 4030 4
1970 3960 2053 4029 ru
2142 3956 2207 4013 ο·
