2634 4509
431 302 476 375 8
945 302 1963 373 APOLOGIA.

433 422 674 495 putate,
709 418 962 491 propter
974 402 1359 469 arctissimum
1382 398 1677 472 societatis
1692 407 1991 471 vinculum
2033 426 2158 492 qno
2190 407 2344 472 inter
2362 406 2428 471 se

437 490 504 571 (fi
523 488 757 555 Platoni
772 488 1095 569 credimus)
1124 506 1405 553 connexae
1436 490 1846 574 colligataeque
1861 489 2011 564 sunt,
2040 509 2105 553 ut
2120 509 2425 575 nunquam

434 572 663 657 fingulae
677 568 927 634 floruiffe
944 568 1073 633 visae
1088 570 1196 633 fint
1228 571 1369 652 quin
1404 570 1711 635 floruerint
1727 570 2014 636 universae.
2057 572 2276 647 Vnum,
2298 592 2427 635 nou

430 656 665 722 inficior
683 701 702 729 ,
720 669 860 717 aetas
871 651 973 715 illa
985 652 1122 715 tulit
1139 652 1506 719 Franciscum
1527 652 2300 739 Petrarcham,Scriptorem
2320 652 2353 715 s
2346 672 2427 715 ua

431 742 614 805 lauro
627 733 1026 821 dignissimum
1046 758 1067 813 3
1098 737 1199 818 qui
1216 736 1282 806 βε
1299 735 1442 821 ipse,
1462 738 1627 822 quod
1649 736 1875 820 Virgilii
1896 736 2151 803 lectione
2163 736 2425 801 delecta-

439 820 620 887 batur
639 867 656 894 ,
701 836 906 900 magus
922 815 1005 880 est
1021 818 1260 881 habitus
1286 866 1303 891 ,
1344 838 1463 882 non
1483 819 1643 902 vulgi
1662 819 1761 883 ille
1780 819 2023 905 quidem
2044 868 2059 894 ,
2090 820 2185 882 sed
2206 819 2426 883 summi

439 920 579 969 tunc
599 902 906 963 hominnm
926 898 1252 963 Innocentii
1269 899 1456 969 Rom.
1472 900 1650 964 Pont.
1666 900 1909 982 judicio.
1948 902 2071 965 Hic
2089 919 2287 965 tamen
2314 950 2332 975 ,
2352 916 2425 964 ut

435 1004 640 1059 rernm
659 982 838 1069 copia
877 981 1056 1044 valuit
1092 983 1403 1046 &robore
1480 984 1707 1047 uodam
1729 1002 1799 1046 ac
1824 986 2088 1068 pondere
2107 984 2421 1049 sententia-

439 1088 572 1135 rum
594 1113 613 1141 ‚
649 1064 1113 1131 ita'ornamentis
1151 1084 1278 1148 quae
1307 1066 1343 1129 ὲ
1380 1004 1656 1129 ἀίἓὶὶοηίε
1690 1064 1975 1149 elegantia
1996 1066 2226 1153 scriptis
2244 1084 2425 1131 acce-

436 1152 620 1222 dunt,
659 1150 725 1211 &
745 1167 895 1231 puro
911 1146 1153 1243 indqui
1189 1147 1385 1230 postea
1416 1148 1473 1211 in
1492 1148 1687 1231 pretio
1712 1146 1823 1209 fuit
1856 1148 2115 1212 Romani
2135 1150 2424 1213 sermonis

437 1233 702 1299 candore
735 1248 843 1293 nec
879 1247 1128 1293 ommno
1165 1231 1355 1296 caruit
1388 1248 1496 1293 nec
1532 1230 1784 1295 multum
1807 1248 1911 1293 aut
1969 1229 2137 1294 affim
2154 1232 2426 1293 abunda·
2522 1256 2531 1261 ·

440 1318 528 1381 vit
549 1363 566 1389 ,
607 1332 726 1377 non
745 1312 933 1375 solum
953 1312 1010 1375 in
1032 1310 1218 1374 soluta
1237 1312 1491 1376 'numeris
1508 1313 1777 1374 oratione
1797 1358 1812 1380 ‚
1846 1312 1902 1374 se
1967 1313 2147 1375 etiam
2168 1314 2225 1376 in
2246 1312 2425 1375 verfi·

435 1400 594 1474 bus;
628 1396 790 1458 certe
806 1395 969 1457 illum
992 1394 1475 1477 negligentiorem
1515 1394 1845 1475 hujusmodi
1879 1396 1941 1459 lo
1984 1397 2160 1458 uendi
2179 1396 2422 1459 mundi-

435 1480 741 1550 tiarum,&
761 1476 1081 1539 hebetioris
1097 1475 1179 1540 ad
1196 1496 1396 1541 earum
1415 1477 1643 1560 gustum
1669 1477 1846 1561 palati
1863 1478 1947 1543 fui
1990 1498 2023 1539 e
2042 1476 2251 1563 scripta
2266 1478 2415 1556 ejus,

435 1561 698 1647 alioquin
739 1556 1130 1622 laudatiffima
1154 1606 1169 1627 ‚
1205 1560 1531 1623 declarant.
1568 1577 1747 1644 atque
1784 1562 1933 1623 banc
1949 1561 2198 1637 eandem
2216 1560 2424 1635 conie-

437 1646 666 1711 Cturam
686 1640 766 1704 de
801 1642 1080 1705 omnibus
1097 1643 1222 1717 ejus
1239 1642 1557 1729 aequalibus
1588 1642 1731 1705 licet
1762 1640 1959 1709 facere
1974 1688 1994 1719 ,
2035 1662 2108 1707 ac
2140 1648 2219 1709 de
2236 1642 2420 1729 genio

437 1728 594 1793 illius
616 1724 794 1789 saeculi
814 1726 872 1788 in
892 1723 1244 1789 universum.
1946 1744 1951 1749 ·

515 1807 765 1880 Verum,
787 1806 826 1869 ss
845 1826 963 1869 non
983 1803 1171 1869 defuit
1189 1807 1300 1870 illis
1325 1806 1695 1891 temporibus
1716 1810 1815 1895 qui
1836 1826 1962 1871 tam
1980 1809 2277 1893 eleganter
2300 1804 2423 1869 La-

439 1890 564 1964 tine
583 1888 838 1954 scribere
853 1887 1258 1972 polset,eoque
1275 1889 1559 1955 scribendi
1578 1912 1795 1976 genere
1810 1910 1937 1956 tam
1958 1891 2140 1956 effuse
2161 1891 2421 1953 delecta-

435 1972 1072 2137 {5:3232322335221
1090 1970 2421 2140 {32³ss“3335322223252351‘2‘32‘33{2333

433 2138 596 2204 ferre
614 2136 917 2212 sincerum,
940 2136 1308 2221 &liquidum
1328 2138 1583 2203 nominis
1596 2142 1662 2203 δε
1721 2140 1881 2202 loriae
1897 2160 2015 2203 non
2034 2156 2422 2202 contemnen-

435 2221 578 2285 dae?
613 2220 734 2299 sz
770 2220 929 2314 enim
951 2217 1435 2314 scribere-potuit
1512 2240 1597 2283 uo
1624 2221 1687 2285 sti
1714 2241 1755 2283 o
1776 2222 2055 2305 pleraque
2092 2222 2260 2299 huius
2296 2218 2423 2281 fra·-

438 2299 2125 2458 {32313331’2322sssstsssszzimubffisssmffissu
2146 2302 2423 2450 ῗὲήῖἰὶῗ

435 2465 774 2553 Scriptores
796 2468 903 2529 liae
919 2464 1157 2530 dicendi
1192 2466 1371 2531 laude
1388 2465 1446 2529 su
1525 2468 1727 2533 rass'et:
1768 2470 1892 2543 Qui
1909 2489 2057 2553 ergo
2092 2468 2316 2533 factum
2338 2464 2423 2527 est

439 2569 508 2614 ut
528 2552 642 2611 hoc
663 2567 785 2611 uno
797 2548 1016 2611 abortu
1035 2551 1231 2613 verius
1247 2552 1429 2633 quam
1473 2570 1619 2630 oetu,
1641 2551 1941 2616 clariflimi
1960 2553 2178 2636 ingenii
2200 2551 2280 2613 sui
2303 2548 2421 2612 foe-

436 2629 804 2696 canditatem
823 2633 1259 2701 terminandam
1275 2632 1626 2711 judicaverit
1647 2681 1664 2708 ,
1702 2653 1803 2698 aut
1822 2634 1861 2697 fi
1878 2635 2021 2719 quid
2060 2633 2280 2717 scripfit
2298 2634 2420 2693 hoc

435 2734 621 2778 unum
642 2714 717 2775 ad
739 2733 850 2776 nos
871 2714 1205 2797 pervenerit
1227 2760 1242 2782 .
1279 2715 1421 2781 cum
1440 2716 1753 2799 praesertim
1776 2715 2019 2779 haberet
2036 2716 2287 2779 liberum
2312 2712 2424 2775 de-

435 2797 711 2862 currendi
733 2815 832 2881 per
850 2814 1028 2858 omne
1041 2812 1222 2880 genus
1239 2801 1571 2879 argumenti
1587 2798 1858 2881 spatium,
1880 2802 2113 2863 nemine
2130 2799 2227 2863 illa
2246 2810 2419 2861 aetate

435 2881 512 2947 ad
547 2881 956 2961 occupandam
979 2879 1335 2943 clarescendi
1366 2899 1472 2965 per
1490 2880 1823 2960 hujusmodi
1856 2882 2068 2963 scripta
2103 2882 2420 2945 materiam

435 2964 770 3033 admodum
792 2962 1091 3025 sollicito?
1129 2960 1250 3025 Sed
1269 2982 1451 3026 nemo
1468 2965 1614 3028 mihi
1630 2966 1857 3027 credite
1871 2965 1984 3029 fuit
2000 2988 2020 3042 3
2057 2963 2419 3049 nequeenim

435 3045 574 3115 effer
601 3044 762 3129 quod
781 3062 1090 3129 tantopere
1106 3046 1777 3130 admiraremur-,totque
1790 3048 1849 3111 in
1868 3046 2082 3113 coelum
2099 3048 2421 3109 extollere-

437 3128 859 3195 muslaudibus
879 3126 1115 3189 secutos
1133 3128 1234 3189 lon
1278 3147 1319 3189 o
1378 3129 1469 3193 bst
1497 3130 1811 3192 intervallo
1828 3126 2198 3193 dodkifflmos
2219 3128 2422 3189 homi-

434 3229 540 3281 nes
563 3256 580 3281 ‚
618 3210 716 3291 qui
735 3210 988 3271 excisam
1009 3211 1068 3271 in
1088 3206 1198 3272 suis
1217 3148 1337 3272 {di
1384 3230 1450 3273 us
1467 3211 1857 3276 Barbarorum
1878 3213 2231 3274 crudelitate
2250 3210 2421 3274 Grae-

435 3294 594 3357 ciam
615 3294 729 3355 una
747 3308 882 3354 cum
923 3290 1034 3353 suis
1051 3291 1276 3352 artibus
1292 3292 1351 3353 in
1372 3310 1485 3353 nos
1505 3294 1851 3356 invexerunt
1868 3341 1886 3369 ,
1928 3292 2260 3379 apertisque
2276 3290 2416 3355 τοῐθ,

433 3373 606 3439 ltalia
628 3374 916 3436 bonarum
948 3372 1166 3435 artium
1189 3370 1367 3435 veluti
1398 3371 1664 3437 fontibus
1684 3374 2039 3439 Petroniano
2072 3376 2175 3439 illo
2193 3376 2424 3438 littera-

434 3476 568 3524 rum
605 3454 841 3518 flumine
861 3454 1258 3517 Occidentem
1283 3456 1608 3520 universum
1632 3460 2011 3522 inundavere.
2066 3458 2235 3536 Quid
2252 3458 2415 3519 enim

432 3539 644 3602 attinet
661 3540 794 3601 illos
823 3538 1091 3603 aridiores
1129 3538 1375 3603 laudare
1392 3542 1627 3603 reversoe
1661 3544 1719 3605 in
1754 3544 1965 3607 orbem
1986 3560 2281 3605 terrarum
2302 3540 2417 3601 hu-

433 3621 714 3697 manioris
732 3622 1012 3686 doctrinae
1032 3669 1048 3693 ‚
1089 3622 1347 3707 quaejam
1366 3624 1665 3707 plusquam
1687 3626 1925 3709 integro
1948 3624 2153 3687 saeculo
2168 3624 2411 3686 illorum

430 3720 713 3771 exortum
763 3720 874 3791 proe
885 3721 1138 3767 verterat
1180 3706 1208 3768 ?
1261 3706 1425 3783 Qrid
1455 3704 1709 3772 Bembus
1748 3710 1813 3768 δε
1852 3708 2171 3775 Sadoletus
2210 3708 2275 3769 &
2310 3704 2415 3766 alii

433 3787 603 3867 hujus
639 3804 790 3849 notae
812 3786 1021 3851 summi
1059 3788 1168 3851 viri
1191 3786 1347 3851 aliud
1371 3790 1674 3869 praestitiffe
1713 3790 1809 3855 vifi
1832 3790 1956 3851 sunt
1976 3838 1993 3863 ‚
2044 3794 2225 3873 quam
2244 3788 2412 3868 quod

431 3869 586 3932 inter
623 3866 918 3953 Principes
955 3868 1125 3949 huius
1161 3872 1411 3939 rationis
1434 3872 1841 3941 constituendae
1861 3872 2071 3940 fuere?
2111 3872 2275 3953 Quid
2296 3866 2418 3949 ipse

429 3950 568 4023 Leo
587 3948 674 4019 X·
713 3950 994 4024 Pontifex
1016 3998 1036 4031 ,
1115 3982 1122 3990 ·
1322 3980 1331 3989 ·
1431 3982 1443 3993 ·
2002 3956 2021 3962 ”
2218 3954 2415 4024 Dulcia
