2634 4509
2027 248 2084 301 1-

326 335 1143 423 PETRONII
1256 334 1961 423 ARBITRI

208 538 304 677 S
550 536 677 673 A
920 538 1046 671 T
1270 532 1398 669 Y
1628 542 1756 674 R
1987 542 2070 675 Ι

398 796 873 905 Fragmenta
913 819 1003 872 ex
1028 791 1223 875 libro
1246 782 1522 904 quinto
1551 788 1866 879 decimo

792 936 871 1005 &
909 918 1125 1009 sexto
1154 920 1488 1007 decimo·

498 1138 621 1203 Vm
638 1138 761 1203 alio
771 1158 986 1223 genere
1002 1137 1281 1205 furiarum
1298 1136 1738 1205 declamatores
1751 1136 2081 1227 inquietan-

498 1239 599 1287 tur
630 1224 731 1306 qui
760 1222 1015 1287 clamant
1031 1221 1143 1285 hec
1160 1224 1400 1286 uulnera
1419 1243 1532 1307 pro
1549 1222 1824 1288 libertate
1877 1222 2078 1287 ablica

496 1304 823 1453 {¹⁰5¹}ssss
828 1301 1291 1471 ‘2123’3203233'
1306 1304 2080 1453 {siffrissgffgis‘zffss

208 1472 411 1543 succifi
432 1470 688 1556 poplites
703 1472 971 1533 membra
988 1488 1106 1533 nou
1126 1470 1460 1535 substinent.
1496 1491 1605 1535 nec
1633 1472 1755 1555 ipssa
1783 1468 2074 1535 tolerabi-

208 1562 291 1626 lia
306 1556 482 1619 effent
502 1602 517 1627 ‚
554 1550 597 1615 fi
624 1552 705 1616 ad
719 1551 1121 1635 eloquentiam
1138 1554 1305 1615 ituris
1320 1554 1480 1617 uiam
1495 1554 1760 1618 facerent
1777 1602 1797 1628 ,
1835 1571 1987 1616 nuuc
2003 1552 2074 1615 δε

208 1658 409 1709 rerum
446 1638 699 1697 humore
728 1634 1145 1699 sententiarum
1173 1634 1486 1699 uauissimo
1516 1632 1754 1719 strepitu
1787 1636 1906 1697 hoc
1940 1649 2074 1695 tan·

207 1742 343 1787 tum
360 1716 677 1803 proficiunt
694 1733 761 1779 ut
774 1734 915 1779 cum
934 1716 991 1779 iu
1012 1714 1213 1782 forum
1230 1718 1512 1793 uenerint,
1557 1734 1723 1781 urent
1739 1716 1870 1779 sein
1889 1717 2073 1779 alium

208 1820 507 1870 terrarum
528 1796 763 1861 Orbem
783 1796 1033 1863 delatos.
1070 1800 1137 1863 δι
1168 1801 1311 1865 ideo
1326 1819 1442 1885 ego
1457 1820 1492 1863 a
1539 1798 1930 1864 olesceutulos
1945 1797 2078 1861 exi-

211 1888 393 1953 stimo
411 1886 469 1947 in
485 1881 655 1946 scolis
670 1878 1031 1946 stultiffimos
1049 1882 1173 1947 fieri
1194 1931 1211 1958 ‚
1230 1885 1366 1966 quia
1384 1926 1407 1947 .
1424 1924 1444 1947 .
1464 1924 1484 1945 .
1505 1882 1648 1946 nihil
1667 1882 1740 1946 iis
1756 1900 1870 1967 que
1889 1880 1946 1945 iu
1965 1877 2070 1943 vsu

210 1968 499 2035 habemus
516 1980 621 2027 aut
634 1962 883 2027 audiunt
903 2011 923 2038 ,
962 1982 1063 2027 aut
1081 1966 1286 2029 uident
1303 2012 1323 2039 ,
1353 1965 1450 2029 sed
1512 1966 1686 2029 iratas
1700 1983 1842 2029 cum
1859 1964 2069 2027 cathe-

208 2054 305 2119 nis
321 2052 379 2114 in
394 2050 597 2113 littore
612 2046 824 2141 stantes
844 2094 863 2122 ,
896 2040 963 2111 δε
980 2048 1245 2113 tirannos
1258 2047 1448 2111 edicta
1466 1985 1780 2113 Ezribentes
1799 2096 1820 2122 ‚
1853 2046 2069 2131 quibus

210 2136 249 2203 ῒ
263 2137 425 2199 incre
504 2145 567 2192 ut
582 2128 714 2191 filus
738 2144 804 2190 ut
821 2145 1055 2212 patrum
1078 2128 1315 2195 suorum
1348 2132 1542 2215 capita
1576 2130 1886 2215 precidaut
1911 2177 1930 2204 ‚
1967 2126 2067 2193 sed
2091 2137 2117 2190 t
2135 2139 2370 2205 imperent

209 2216 421 2299 respon
444 2235 479 2278 a
496 2213 553 2274 in
568 2208 1148 2295 pestilentia,data‚ut
1169 2214 1436 2299 Virgines
1454 2231 1573 2277 tres
1587 2230 1690 2277 aut
1705 2212 1902 2296 plures
1919 2215 2070 2275 irno-

208 2300 405 2367 lentur
428 2342 445 2370 ,
478 2293 577 2357 std
594 2292 857 2357 mellitos
880 2292 1199 2360 verborum
1216 2294 1501 2381 globulos
1521 2342 1540 2372 ,
1565 2294 1632 2359 δε
1647 2295 1854 2362 omnia
1869 2293 2026 2358 dicia
2044 2338 2067 2367 ,

206 2380 483 2462 facisque
500 2374 657 2463 quafi
672 2376 930 2460 pauere?
950 2378 1013 2442 &
1032 2376 1088 2440 se
1106 2378 1288 2444 sanxo
1306 2378 1516 2463 sparsa.
1547 2378 1648 2463 qui
1665 2378 1818 2443 iuter
1833 2376 1945 2440 bec
1961 2395 2069 2439 uu·

208 2458 1326 2611 hai>
1345 2460 1694 2605 uine
1707 2459 2066 2605 zie-15:¹2&

206 2566 377 2701 {inin
395 2586 813 2719 elloqueqtiarn
832 2623 1155 2708 perdidistis
1172 2565 1191 2700 Ξ
1230 2564 1488 2719 hevibffs
1503 2563 1860 2707 eniufftqsse
1877 2623 2064 2689 inani-

210 2713 329 2779 bus
364 2710 519 2773 {onis
554 2706 809 2771 ludibria
844 2705 1099 2789 quedam
1135 2707 1459 2773 excitando
1477 2704 1742 2771 effecistis
1756 2726 1823 2771 ut
1839 2724 2064 2789 corpus

210 2792 503 2859 orationis
532 2805 906 2851 eneruaretur
922 2790 987 2855 δε
1003 2790 1265 2854 caderet.
1300 2790 1368 2853 N
1371 2792 1486 2853 und
1494 2810 1596 2855 um
1613 2790 1853 2853 iuuenes
1867 2786 2065 2851 decla·

210 2876 573 2941 mationibus
590 2870 1047 2935 continebantur
1069 2918 1087 2945 ,
1123 2892 1262 2935 cum
1281 2869 1620 2955 Sophocles
1635 2888 1738 2933 aut
1754 2867 2070 2953 Euripides

206 2960 555 3027 inuenerunt
570 2952 754 3017 uerba
770 2954 983 3038 quibus
1000 2952 1285 3019 deberent
1303 2954 1492 3037 loqui.
1527 2953 1788 3017 nundum
1825 2952 2070 3015 vmbra-

208 3042 365 3101 ticus
397 3038 620 3108 doctor
647 3037 869 3121 ingenia
902 3036 1203 3101 deleuerat
1217 3083 1237 3110 ,
1272 3054 1416 3100 cum
1435 3036 1715 3120 pindarus
1731 3048 2069 3121 nouemque

207 3119 362 3185 lirici
395 3120 721 3183 homericis
757 3119 1015 3185 uersibus
1046 3137 1262 3183 canere
1294 3120 1647 3183 timuerunt.
1680 3116 1748 3181 δε
1763 3136 1837 3181 ne
1856 3132 2072 3201 poetas

207 3199 455 3287 quidem
476 3203 556 3264 ad
574 3200 969 3277 testimonium
987 3204 1193 3279 citem,
1209 3219 1376 3266 certe
1390 3220 1580 3287 neque
1596 3201 1858 3289 platona,
1877 3214 2073 3283 neque

210 3282 620 3347 demostenem
660 3285 740 3346 ad
775 3286 893 3349 hoc
927 3303 1117 3371 genus
1152 3285 1591 3350 exercitationis
1627 3280 1918 3350 accessifl'e
1933 3282 1965 3346 ἓ
1999 3281 2069 3345 δε

208 3366 352 3432 ideo
390 3364 631 3447 grandis
665 3365 733 3427 δε
767 3368 927 3437 uelut
966 3385 1033 3429 ut
1066 3370 1148 3433 ita
1166 3369 1368 3434 dicam
1397 3368 1618 3453 pudica
1636 3368 1830 3431 oratio
1848 3384 1969 3430 non
1984 3362 2070 3426 est

212 3446 506 3513 maculosa
522 3464 631 3509 nec
647 3448 909 3530 turgida.
944 3448 1047 3512 sed
1080 3452 1332 3515 naturali
1361 3450 1798 3534 pulchritudine
1811 3448 2068 3527 exurgit.
2118 3504 2125 3509 .

210 3550 395 3615 nuper
410 3526 653 3595 uentosa
686 3528 754 3593 δε
786 3529 1048 3593 enormis
1074 3530 1408 3615 loquacitas
1419 3532 1661 3595 athenas
1679 3548 1758 3595 ex
1771 3529 1880 3595 asia
1897 3546 2074 3592 com-

210 3611 1192 3787 fflmfflffl
1208 3610 2069 3785 maturitati-‘2152

1246 3774 1301 3845 A
1351 3792 1387 3865 5
1888 3792 2072 3865 quen-e
