2634 4509
154 382 484 451 reuertitur.
518 377 796 443 damnavi
816 395 936 463 ego
953 376 1258 463 stuporem
1275 395 1505 443 meum.
1520 375 1587 441 δε
1602 374 1745 441 nibil
1760 296 2029 461 ampliz?

153 462 518 548 interrogaui
549 480 626 525 ue
661 462 898 526 uiderer
935 482 1232 545 nunquam
1269 463 1425 525 inter
1464 458 1739 525 honestos
1773 456 2021 523 cenaffe.
2060 452 2073 461 ’

10 542 13 573 ³
43 578 50 585 ·
153 554 302 614 dum
344 550 454 611 hec
487 544 790 626 loquimur
820 563 962 639 puer
981 542 1271 643 speciosus
1289 591 1307 619 ,
1353 544 1573 607 uiribus
1588 543 1902 628 ederisque
1920 558 2019 603 re-

153 633 434 701 dimitus,
467 628 666 693 modo
694 627 1000 691 bromium
1023 674 1042 702 ,
1076 630 1379 691 interdum
1410 628 1627 692 liaeum
1647 672 1667 701 ,
1704 626 2019 689 eucbium-

153 734 270 799 que
285 708 572 773 confessus
591 754 606 777 .
647 710 1030 775 calatiscouas
1043 710 1433 775 circumtulit.
1470 708 1538 773 &
1570 726 1846 794 poemata
1880 706 2017 771 Do-
2043 722 2085 799 ς

154 797 302 863 mini
323 794 404 857 sui
420 790 754 857 acutiffima
771 812 924 857 uoce
941 793 1228 856 traduxit.
1241 795 1317 856 ad
1336 806 1517 875 quem
1540 792 1750 855 sonum
1766 806 2019 853 couver-

155 880 246 945 sus
263 876 622 948 trimalchio,
652 874 896 957 dyonise
911 876 1100 960 inquit
1119 874 1267 938 liber
1284 874 1429 937 este.
1470 894 1613 957 puer
1629 874 1892 937 detraxit
1908 868 2023 956 pil·-

155 964 313 1027 leum
335 976 486 1041 apro
509 1006 530 1032 ,
557 959 856 1043 capitique
893 958 998 1021 suo
1038 957 1347 1042 imposuit.
1382 974 1510 1021 tum
1534 956 1873 1021 trimalchio
1894 973 2022 1019 rut·-

157 1044 252 1109 sus
284 1040 506 1119 adjecit
527 1086 546 1115 ,
583 1059 704 1105 non
743 1042 1025 1123 negabitis
1061 1060 1164 1105 me
1195 1043 1385 1123 inquit
1419 1042 1633 1103 habere
1652 1040 1905 1103 liberum
1928 1056 2027 1121 pa-

159 1145 340 1193 trem.
356 1123 728 1187 laudauimus
745 1124 973 1189 dietum
995 1123 1450 1197 trimalchionis,
1466 1125 1531 1187 &
1548 1125 2021 1187 circumeuntem
2044 1138 2137 1197 ιο

157 1225 410 1296 puerum
429 1204 562 1269 sane
581 1206 1070 1290 perbafiamuaab
1089 1208 1208 1269 hoc
1227 1205 1457 1269 ferculo
1475 1205 1819 1271 trimalchio
1836 1204 1919 1265 ad
1938 1202 2027 1265 la·-

161 1294 460 1359 sammum
477 1288 746 1353 surrexit.
783 1311 896 1355 nos
927 1290 1266 1355 libertatem
1285 1290 1401 1355 fine
1418 1308 1677 1371 tyranno
1693 1286 1845 1351 nacti
1864 1284 2029 1367 cepi·-

161 1392 298 1441 mus
313 1372 568 1437 inuitare
583 1374 982 1439 conuiuorum
1019 1374 1316 1437 sermones
1352 1374 1571 1435 clamet
1588 1374 1787 1453 iraque
1800 1370 2031 1455 primus

159 1451 2029 1632 533332‘3{²5⁰5Jg’xs’ffflfi‘z1ffgg13:2¹zffiss‘fflssffassz'fffssszt
2048 1544 2130 1617 ις

163 1622 258 1686 &a
275 1641 332 1681 in
355 1620 677 1683 triclinium
695 1624 782 1685 ire
800 1667 818 1695 ,
836 1622 900 1685 δε
917 1620 1210 1685 mundum
1225 1620 1415 1704 frigus
1432 1619 1771 1683 habuimus.
1805 1639 1909 1681 uix
1924 1632 2029 1677 me

162 1703 404 1767 balneus
419 1702 660 1767 calfecit
677 1721 876 1767 tamen
890 1703 1064 1767 calda
1079 1704 1255 1787 potio
1271 1702 1567 1767 uestiarius
1582 1700 2027 1775 est‚staminatas

161 1785 334 1849 duxi.
353 1785 420 1847 δε
435 1784 604 1865 plane
617 1804 818 1850 matus
833 1788 978 1851 sum.
995 1788 1167 1849 uinus
1187 1788 1333 1851 mibi
1352 1788 1410 1849 in
1427 1784 1737 1849 cerebrum
1752 1780 2028 1846 abiit.ex·

163 1868 322 1951 cepit
339 1864 584 1929 seliucus
602 1866 800 1931 fabule
853 1886 1066 1933 artem.
1101 1870 1170 1933 &
1205 1887 1327 1951 ego
1354 1870 1541 1951 inquit
1560 1888 1677 1931 non
1695 1867 1923 1931 cotidie
1940 1863 2026 1925 la-

165 1969 305 2013 uor.
349 1947 600 2013 baliscus
615 1952 778 2015 enim
827 1953 954 2015 ullo
969 1952 1052 2014 est
1065 1970 1212 2034 aqua
1229 1952 1445 2015 dentes
1463 1950 1665 2017 babet.
1708 1952 1772 2013 δι
1791 1968 1903 2011 eor
1918 1965 2024 2010 no·
2046 1954 2141 2017 20

165 2036 349 2098 strum
365 2034 594 2097 cotidie
611 2033 899 2117 liquescit.
941 2035 1040 2099 led
1073 2054 1214 2099 cum
1255 2034 1425 2099 mulli
1462 2033 1781 2117 pultarium
1798 2026 2033 2103 obduxi

167 2116 380 2198 frigori
395 2113 664 2179 laecafim
700 2118 866 2181 dico.
910 2137 1020 2182 nec
1039 2116 1170 2181 sane
1181 2117 1384 2181 lauare
1404 2120 1599 2203 potui.
1638 2114 1903 2183 fuioim
1920 2112 2033 2179 bo·

167 2202 270 2263 die
287 2196 546 2262 insumus
561 2200 756 2264 homo
777 2199 968 2265 bellus
1001 2216 1124 2263 tam
1165 2200 1399 2274 bonus,
1440 2198 2029 2265 Crisantusanimam

163 2280 417 2358 ebulliit.
451 2281 649 2345 modo
663 2286 863 2348 modo
881 2303 979 2349 me
993 2284 1327 2367 appellauit.
1366 2284 1585 2351 uideor
1602 2283 1748 2349 mibi
1766 2301 1908 2345 eum
1924 2281 2033 2344 illo

167 2364 353 2445 loqui.
393 2364 604 2445 heyest
621 2368 758 2449 bey.
795 2384 956 2431 utres
970 2366 1154 2431 inflati
1168 2364 1551 2431 ambulamus
1566 2368 1831 2431 minores
1848 2381 2032 2448 quam

169 2442 597 2514 muscel'suus.
644 2465 845 2515 tamen
879 2448 1138 2535 aliquam
1179 2451 1463 2514 uirtutem
1503 2450 1745 2513 babent.
1784 2466 1897 2513 nos
1914 2465 2035 2511 non
2058 2456 2087 2508 ‘c
2124 2456 2267 2511 amn(

172 2528 354 2615 pluris
385 2524 590 2595 sumus
615 2551 794 2617 quam
831 2532 994 2597 bulle
1031 2531 1100 2593 δε
1127 2533 1272 2615 quid
1306 2532 1347 2596 fi
1385 2552 1507 2597 non
1543 2531 1805 2599 abstinax
1826 2530 2041 2594 fuiffet.

169 2612 430 2696 quinque
445 2612 582 2679 dies
595 2634 810 2699 aquam
829 2618 892 2681 in
911 2636 986 2679 os
1001 2614 1172 2679 suum
1193 2635 1314 2679 non
1332 2616 1616 2681 coniecit.
1656 2634 1779 2679 non
1794 2616 2037 2679 —mieam

173 2695 364 2779 panis.
397 2712 602 2763 tamen
635 2698 806 2779 abiit.
839 2716 908 2763 at
941 2700 1136 2780 plures
1165 2698 1389 2765 medici
1422 2700 1591 2769 illum
1626 2698 2042 2783 perdiderunt.

173 2784 372 2843 immo
406 2782 598 2863 magis
632 2782 824 2847 malus
859 2780 1044 2846 fatus.
1080 2781 1354 2847 medicus
1390 2784 1549 2845 enirn
1588 2781 1733 2845 nibil
1766 2782 1925 2847 aliud
1960 2776 2041 2841 est
2064 2784 2147 2853 30

219 2880 360 2925 uam
393 2865 578 2927 animi
613 2862 968 2935 consolatiO.
1008 2883 1210 2929 tamen
1229 2864 1381 2929 bene
1399 2864 1597 2929 elatus
1608 2864 1691 2927 est
1702 2864 1865 2927 uitali
1885 2860 2043 2927 lecCto

171 2882 414 3027 {agulis
447 2946 627 3011 bonis
659 2946 890 3030 plautus
923 2946 1005 3013 est
1040 2950 1276 3033 optime
1309 2968 1555 3011 manum
1587 2946 1743 3009 milit
1755 2944 1999 3028 aliquod
2020 2987 2044 3016 ,

175 3027 359 3090 etiam
391 3028 432 3091 fi
471 3031 728 3113 maligne
761 3030 928 3097 illum
967 3030 1228 3115 plot-anit
1265 3048 1435 3093 vxor.
1474 3030 1617 3113 quid
1655 3029 1697 3092 fi
1732 3046 1852 3091 non
1881 3027 2045 3091 illam

177 3111 414 3189 optime
425 3112 760 3193 accepiflet.
797 3112 900 3177 sed
930 3112 1138 3177 mulier
1153 3132 1268 3195 que
1283 3114 1493 3177 mulier
1511 3113 1819 3177 miluinam
1836 3128 2047 3193 genus.

175 3190 478 3255 neminem
501 3196 646 3257 nihil
661 3197 806 3259 boni
827 3198 1022 3261 facere
1055 3214 1323 3280 oportet.
1358 3214 1513 3279 eque
1545 3195 1625 3258 est
1654 3197 1817 3259 enim
1836 3212 1909 3257 ac
1927 3190 2043 3256 fiin
2068 3208 2153 3287 35

177 3282 424 3356 puteum
445 3276 758 3341 coniicias.
795 3279 892 3342 sed
909 3282 1183 3363 antiquus
1197 3300 1372 3345 amor
1385 3298 1596 3343 cancer
1612 3279 1716 3341 est.
1754 3275 2050 3341 Molestus

181 3354 296 3419 fuit
311 3354 574 3437 philetos
635 3360 694 3421 ui
711 3360 1126 3438 proclamauit.
1165 3366 1442 3427 uiuorum
1477 3362 1945 3437 meminerimus.
1980 3358 2055 3423 il-

181 3440 238 3505 le
258 3438 436 3501 habet
467 3458 546 3522 qu
675 3440 780 3503 fibi
813 3442 1150 3507 debebatur
1187 3446 1429 3509 honeste
1452 3446 1599 3509 uixit
1620 3442 1857 3521 honeste
1874 3441 2053 3519 obiit.

186 3522 356 3601 Qid
379 3522 556 3588 babet
570 3526 738 3606 quod
756 3540 1062 3605 queratur.
1099 3526 1287 3591 abbas
1303 3530 1565 3593 secreuit.
1598 3528 1667 3591 δι’
1680 3543 1919 3613 paratus
1939 3522 2055 3589 fuit

184 3606 576 3687 quadrantem
609 3604 689 3666 de
719 3604 975 3667 stercore
1007 3610 1318 3673 mordicus
1336 3611 1575 3673 tollere.
1620 3616 1823 3693 itaque
1836 3608 2052 3672 creuit.
2074 3623 2165 3699 40

183 3690 320 3770 quit
351 3691 478 3771 quit
507 3688 700 3751 creuit
731 3706 1038 3769 tamquam
1071 3688 1268 3753 fauus.
1299 3708 1454 3773 puto
1470 3709 1571 3755 me
1592 3693 1867 3756 hercules
1885 3691 2057 3756 illum

167 3771 474 3857 seliquiffe
521 3768 710 3839 solida
755 3786 1020 3837 centum.
1089 3773 1160 3839 δε
1195 3774 1401 3839 omnia
1434 3776 1495 3841 in
1528 3776 1797 3841 nummis
1826 3775 2071 3843 babuit.

1994 3860 2078 3927 de
