2634 4509
711 284 1725 355 APoLo-GIA.
1951 339 1965 351 .
2136 309 2225 364 11

233 413 382 478 ngro
399 389 651 476 reperire
689 390 874 475 poffis
893 436 910 463 ,
951 390 1026 452 fic
1044 408 1164 451 non
1181 408 1363 453 omne
1384 388 1609 455 facinus
1624 390 1685 453 in
1702 390 1873 453 omni
1891 388 2015 455 vita
2030 390 2219 459 nasci-
2251 459 2260 469 ,

233 494 332 541 tur
350 525 366 548 ,
407 476 667 539 summus
697 473 798 537 ine
817 493 934 535 non
956 470 1236 537 sentiendi
1275 473 1473 537 mimis
1489 475 1674 554 quam
1689 472 1929 536 dicendi
1947 474 2220 557 magister

232 558 532 623 veriffime
561 555 734 619 dixit.
785 556 850 619 ln
887 576 1100 638 magna
1136 555 1399 639 quadam
1445 556 1773 619 litterarum
1814 556 1880 619 δε
1900 558 2215 623 hominum

229 642 630 707 litteratorum
649 638 1010 701 abundantia
1032 685 1050 710 ,
1089 638 1156 701 διε
1191 658 1268 701 ex
1297 636 1529 699 affiduo
1548 638 1913 703 humanioris
1932 639 2219 707 doarinoe

229 726 434 795 cultu‚·
447 726 535 793 δε,
555 740 620 783 ut
637 720 720 785 ita
739 724 964 795 dicam,
985 723 1192 783 attritu
1209 721 1381 783 facilc
1398 719 1621 781 satietas
1638 723 1852 795 oritur,
1872 722 1937 785 δι
1954 740 2033 787 ex
2051 720 2222 786 satie-

230 824 359 871 tate
377 805 678 869 fastidium
699 828 722 881 3
772 803 914 867 inde
931 823 1142 867 eorum
1179 823 1306 887 quoe
1319 806 1379 866 in
1398 806 1515 863 hoc
1532 820 1747 885 genere
1764 824 1889 867 rara
1922 806 1987 869 &
2006 822 2219 889 paratu

229 888 498 953 difficilia
518 886 667 959 sunt,
689 885 1485 970 intemperansappetitio,&
1506 904 1705 947 rerum
1724 906 1849 967 quae
1870 908 1987 950 non
2010 902 2221 951 extant

229 972 611 1036 defiderium.
645 968 806 1033 Hinc
824 968 1041 1031 deinde
1077 971 1333 1051 pretium
1353 967 1544 1030 existit
1560 966 1894 1043 hujusmodi
1914 970 2218 1046 fraudum,

233 1054 348 1119 fine
365 1074 490 1137 quo
509 1050 690 1132 friget
707 1054 904 1114 omnis
922 1050 1146 1113 malitia
1162 1076 1184 1127 ;
1227 1070 1411 1115 nemo
1426 1050 1585 1113 enim
1614 1052 1882 1131 gratuito
1900 1054 2091 1117 malus
2108 1052 2213 1127 est,

233 1158 344 1202 nec
363 1154 488 1201 tam
507 1135 730 1199 infelici
748 1135 1099 1197 conditione
1117 1134 1302 1196 virtus
1318 1136 1443 1217 agit
1470 1181 1484 1206 ,
1506 1151 1591 1205 ut,
1615 1131 1657 1195 fi
1676 1152 1780 1216 par
1794 1137 2071 1219 utrinque
2086 1135 2218 1218 spes

232 1218 507 1301 affulgeat
527 1269 544 1293 ,
587 1237 695 1280 nec
712 1216 912 1300 dispar
929 1235 1002 1279 ea
1037 1237 1163 1301 quoe
1181 1218 1373 1299 speres
1408 1216 1739 1298 afiequendi
1778 1214 2021 1281 facultas
2037 1266 2055 1292 ,
2090 1238 2215 1283 non

232 1304 548 1447 quisquaim
584 1304 669 1365 vit
707 1300 902 1363 bonus
939 1300 1004 1365 &
1043 1300 1327 1364 innocens
1360 1301 1541 1384 quam
1567 1318 1783 1382 pravus
1820 1302 2217 1387 &improbus

235 1387 348 1449 efle
368 1406 468 1447 ma
493 1386 560 1447 it.

321 1467 445 1531 Sed
465 1484 598 1547 ego,
611 1462 757 1527 P.C.
778 1464 962 1529 vestra
984 1464 1042 1529 in
1061 1482 1164 1527 me
1181 1464 1483 1527 audiendo
1500 1464 1869 1529 humanitate
1884 1466 2061 1531 nimis
2076 1464 2221 1531 abu-

236 1564 336 1613 tor
353 1553 815 1629 intemperanter
837 1595 854 1620 ,
893 1550 1032 1611 &in
1059 1567 1125 1609 re
1142 1548 1391 1613 minime
1409 1548 1601 1610 dubia
1623 1547 1797 1610 testes
1830 1550 2076 1631 profero
2094 1570 2217 1613 non

236 1632 602 1697 necessarios.
663 1630 974 1713 Qudquid
1013 1632 1092 1691 de
1123 1631 1343 1693 caeteris
1378 1630 1715 1693 Petroniani
1736 1635 1933 1711 operis
1952 1632 2219 1716 partibus

235 1714 495 1781 statuetis
515 1760 532 1787 ,
575 1712 693 1775 baec
711 1710 828 1774 fine
844 1711 1036 1775 dubio
1071 1734 1199 1795 quoe
1217 1710 1471 1777 Coenam
1489 1710 1961 1777 Trimalchionis
1977 1716 2222 1797 exequi-

235 1814 336 1861 tur
355 1842 372 1865 .
407 1815 525 1857 non
557 1794 754 1857 multo
791 1810 926 1856 ante
957 1797 1357 1890 conscriptum
1392 1795 1547 1859 hunc
1582 1794 1861 1859 codicem
1900 1798 2221 1863 incolumis

237 1880 371 1943 (uit.
417 1878 614 1950 Adire,
633 1872 844 1959 quaese,
869 1878 1142 1939 Ioannem
1162 1876 1646 1942 sarisberiensem
1664 1876 2052 1943 decimitertii
2074 1898 2221 1963 pro·

239 1964 318 2048 pe
339 1960 522 2025 saeculi
549 1960 920 2041 Scriptorem
945 2006 962 2031 ,
1005 1979 1184 2043 quem
1203 1962 1260 2023 in
1301 1962 1405 2022 suo
1426 1960 1527 2024 De
1546 1962 1717 2043 nugis
1734 1964 2045 2025 curialium
2064 1982 2107 2024 o
2152 1980 2219 2021 e-

237 2066 304 2111 re
327 2094 344 2119 ,
382 2064 502 2107 non
520 2044 712 2104 minsis
729 2038 1092 2105 sermonibus
1125 2046 1296 2121 hujus
1315 2044 1587 2107 convivii.
1612 2046 1789 2126 quam
1810 2046 1999 2126 epulis
2032 2064 2062 2105 e
2110 2040 2218 2107 uso

237 2126 604 2191 delectatum
629 2125 932 2187 invenietis
949 2172 964 2199 ,
1003 2144 1082 2187 ex
1096 2144 1290 2209 eoque
1303 2126 1369 2189 δε
1389 2146 1641 2209 porcum
1680 2127 1979 2203 trojanum
2018 2128 2084 2191 &
2103 2130 2221 2188 du-

237 2212 436 2275 stilem
456 2226 533 2273 ex
553 2207 708 2269 vitro
727 2208 1004 2291 phiaiam,
1017 2225 1320 2293 tamquam
1338 2211 2001 2295 apophoretaquaepinm
2021 2210 2215 2273 secum

233 2289 526 2366 abstulisse
546 2336 563 2363 ‚
603 2305 669 2350 ut
691 2291 780 2349 his
795 2290 872 2352 ad
894 2289 1228 2355 illustranda
1244 2292 1461 2373 ingenii
1492 2288 1575 2353 sui
1610 2308 2001 2355 monumenta
2022 2309 2222 2355 utere·

235 2394 356 2439 tur.
395 2373 572 2468 Atqui
591 2370 874 2435 stru-stura
907 2372 1076 2449 hujus
1096 2372 1413 2456 fragmenti
1429 2373 1551 2453 (seu
1568 2394 1915 2456 germanum
1932 2376 2079 2437 illud
2098 2374 2220 2439 five

236 2457 664 2543 supposititium
683 2456 886 2516 dicere
905 2457 1140 2537 piacet)
1171 2458 1373 2519 multo
1388 2458 1569 2539 quam
1590 2462 1707 2517 noc
1727 2460 1853 2535 ejus
1870 2456 2215 2540 exemplum

239 2540 516 2605 vetustius
536 2537 636 2603 est.
699 2534 937 2600 Clamat
957 2540 1076 2599 hoc
1115 2541 1475 2603 mendorum
1516 2536 1869 2601 deformitas
1908 2542 1974 2605 &
2010 2540 2220 2603 multi-

237 2629 393 2689 tudo
415 2640 434 2687 :
458 2622 718 2684 clamant
738 2618 1194 2704 orthographiae
1283 2638 1475 2695 ccata,
1492 2623 1719 2705 aliaque
1736 2621 2029 2705 scriptura
2050 2623 2219 2697 vitia,

238 2729 362 2794 quae
381 2722 572 2787 neque
591 2706 628 2767 ὲ
649 2722 795 2765 vero
813 2704 1056 2765 auctore
1075 2724 1186 2787 pro
1213 2704 1339 2767 ceta
1358 2705 1485 2766 sunt
1504 2753 1523 2778 ‚
1542 2724 1729 2787 neque
1746 2705 2051 2787 impostori
2070 2753 2089 2779 ‚
2108 2704 2218 2767 ho-

241 2790 428 2868 mini(
453 2788 491 2851 si
515 2786 758 2869 quidem
779 2782 934 2847 fraus
955 2786 1068 2847 ulla
1088 2788 1146 2848 in
1167 2790 1282 2849 hoc
1303 2790 1549 2869 negotio
1572 2787 1793 2852 versata
1810 2787 1933 2871 est)
1967 2785 2217 2851 minime

241 2895 311 2939 ru
336 2874 377 2935 {i
393 2888 578 2953 neque
597 2866 842 2932 indocio
859 2870 1236 2933 conveniunt.
1277 2870 1439 2933 Vero
1456 2888 1653 2933 autem
1675 2874 1917 2952 propius
1934 2870 2013 2931 est
2030 2868 2216 2933 libra-

241 2959 472 3020 riorum
511 2950 807 3035 imperitid
827 2996 846 3024 ,
894 2952 1042 3013 dum
1078 2954 1192 3015 alia
1213 2972 1292 3015 ex
1314 2952 1444 3015 aliis
1476 2950 1886 3015 transferendo
1922 2948 2217 3015 mendoso

240 3035 458 3121 scripta
493 3033 822 3101 mendofius
855 3034 1190 3096 exscribunt
1209 3082 1226 3105 ‚
1265 3052 1425 3096 tanta
1460 3034 1629 3097 clade
1644 3035 1921 3097 codicem
1942 3032 2215 3097 affectum

237 3119 372 3183 esse.
391 3118 540 3195 Qu:
559 3119 800 3200 quidem
823 3116 862 3180 si
881 3136 1046 3181 meus
1062 3119 1371 3178 accusator
1385 3117 1650 3179 admittit
1668 3162 1685 3190 ,
1700 3118 1765 3181 δε
1783 3118 2002 3199 patitur
2018 3117 2217 3181 secum

237 3205 372 3267 iniri
399 3200 822 3282 Chronologiae
841 3202 1130 3263 rationem
1138 3225 1158 3277 3
1171 3203 1286 3278 jam
1306 3198 1624 3263 conflatum
1646 3201 1763 3261 hoc
1780 3200 1975 3263 abillo
1994 3200 2219 3263 crimen

239 3286 466 3351 incidet
485 3284 543 3347 in
563 3300 794 3365 tempus
811 3304 934 3363 quo
951 3284 1258 3345 committi
1275 3286 1527 3346 omnino
1544 3302 1663 3344 non
1683 3284 1901 3363 potuit.
1919 3303 2037 3345 non
2056 3284 2219 3345 enim

239 3362 804 3513 ssssffiiffi'ssffiss
822 3363 2221 3531 ‘3232‘23553323‘2323‘222‘12‘11553323

239 3532 500 3595 carmina
525 3532 754 3609 Virgilii
775 3528 1014 3592 &Livii
1035 3530 1355 3613 Historiam
1390 3532 1456 3593 &
1475 3530 1660 3591 Tullii
1680 3526 2009 3592 Orationes
2028 3577 2047 3603 ‚
2081 3550 2221 3614 pro-

241 3632 439 3700 pterea
460 3615 620 3693 quod
647 3614 762 3673 haec
781 3613 983 3673 omnia
1005 3630 1144 3673 vera
1181 3614 1246 3675 &
1265 3629 1550 3693 germana
1570 3610 1911 3690 supersunt3
1952 3633 2219 3695 quomo·

241 3704 329 3761 do
355 3695 669 3759 Petronius
696 3698 800 3755 hac
823 3695 900 3755 sui
922 3712 1087 3775 parte
1105 3740 1122 3765 ,
1163 3712 1228 3755 ut
1249 3695 1467 3755 videtis
1486 3740 1502 3765 ,
1524 3692 1821 3775 supererat
1839 3744 1858 3769 ‚
1882 3696 2221 3777 legebatur-

241 3778 842 3865 que&laudabatur:
883 3778 995 3848 vel,
1037 3774 1074 3837 fi
1111 3777 1232 3852 jam
1253 3776 1551 3838 interierat
1572 3822 1591 3850 ,
1622 3779 1894 3841 nondum
1912 3778 2069 3843 adeo
2084 3796 2219 3838 cer-

241 3882 307 3931 ta
323 3864 388 3931 &
405 3862 720 3954 explorata
737 3860 867 3943 ejus
883 3858 1117 3933 amiflio
1135 3858 1248 3925 esse
1265 3858 1491 3945 potuit,
1524 3877 1634 3925 nec
1654 3878 1781 3927 tam
1799 3864 1969 3929 anxia
1982 3857 2219 3954 inquili-

2100 3957 2219 4019 tio,
