2634 4509
1215 246 1274 292 l.
1988 250 2081 330 35

253 345 434 434 ipsate
453 393 469 421 ‚
487 360 735 429 quarum
753 340 811 403 in
829 338 1160 404 cervicibus
1179 342 1214 405 †
1227 338 1495 425 pittratia
1513 353 1681 403 erant
1692 338 1869 406 affixa
1888 389 1907 416 ,
1926 359 2066 405 cum
2085 355 2116 405 'r
2146 355 2365 421 pituaei·

39 448 46 489 1
254 452 332 495 oc
350 430 553 493 titulO.
591 424 876 488 falernum
895 424 1260 507 opimianum
1297 444 1589 487 annorum
1611 441 1874 488 centum.
1913 424 2063 487 dum

201 515 416 580 titulos
433 510 789 592 perlegimus
806 505 1124 589 complosit
1139 506 1483 568 trimalchio
1503 526 1711 569 manus
1726 554 1742 575 ‚
1772 507 1841 570 δε
1860 509 1937 570 he
1953 510 2073 569 heu

205 596 398 681 inquit
428 612 580 678 ergo
601 592 823 651 diutius
842 590 990 651 uiuit
1025 590 1226 651 uinum
1263 609 1443 671 quam
1482 591 1846 665 homunci0,
1886 608 2071 674 quare
2140 666 2145 673 .

206 694 596 761 tangomenas
617 672 926 736 faciamus.
969 672 1084 733 vita
1105 671 1302 733 vinum
1325 670 1404 732 est
1424 718 1439 742 ,
1470 690 1680 735 uerum
1699 671 2063 755 Opimianum
2088 690 2131 763 5

210 757 423 846 presto.
477 758 600 819 heri
619 777 738 818 non
773 770 900 817 tam
935 756 1162 817 bonum
1181 752 1348 837 posui
1388 756 1453 815 δε
1490 754 1683 817 multo
1701 754 2067 819 honestiore·

205 841 511 907 cenabant.
568 838 920 901 Potantibus
934 856 1084 919 ergo
1120 836 1567 904 &curatiffime
1599 836 2066 902 nobislauticias

208 921 560 990 mirantibus
585 970 602 992 ‚
647 922 876 983 laruam
897 936 1236 1003 argenteam
1271 921 1474 981 attulit
1495 918 1687 981 servus
1705 919 1783 984 lic
1798 936 2064 1004 aptatam

210 1025 276 1070 ut
298 1006 531 1069 articuli
548 1004 674 1083 ejus
697 1051 714 1077 ,
735 1002 1124 1084 uertebreque
1138 1002 1329 1063 laxate
1345 1004 1405 1065 in
1422 1020 1664 1065 omnem
1684 1018 1913 1085 partem
1932 1022 2070 1066 uer·
2177 1078 2185 1087 ,

208 1106 490 1154 terentur.
528 1088 674 1149 hanc
707 1106 847 1149 cum
869 1088 1034 1169 super
1054 1082 1312 1148 mensam
1358 1084 1536 1146 semel
1554 1086 1887 1167 iterumque
1904 1086 2067 1150 abie-
2089 1100 2173 1151 10

207 1172 444 1245 ciffent,
485 1170 550 1233 δε
583 1169 926 1233 cathenatio
960 1166 1206 1233 mobilis
1221 1166 1449 1252 aliquot
1480 1164 1693 1251 figuras
1710 1168 2073 1253 exprimeret

205 1254 548 1320 trimalchio
563 1254 779 1316 adiecit

386 1350 464 1398 He
483 1348 594 1397 Heu
613 1360 699 1397 nos
715 1338 912 1414 mistros
926 1358 1087 1417 quam
1103 1352 1242 1395 totus
1256 1332 1517 1393 homuncio
1532 1334 1607 1393 nil
1620 1336 1689 1411 est

390 1422 467 1479 Sic
482 1424 663 1479 erimus
679 1423 845 1479 cundi
856 1425 1112 1501 pqllquam
1133 1439 1224 1477 nos
1237 1416 1432 1495 auferet
1456 1418 1673 1478 orchus·
2170 1488 2181 1499 α

209 1500 373 1581 Ergo
393 1503 662 1563 uiuamus
695 1504 843 1574 dum
861 1504 1000 1564 licet
1013 1502 1141 1563 effe.
1181 1498 1749 1562 benelaudationem
1780 1498 2071 1565 ferculum
2095 1506 2179 1580 15

209 1584 288 1645 est
311 1585 638 1646 insecutum
661 1630 677 1655 ‚
709 1584 878 1666 plane
893 1604 1010 1645 non
1031 1602 1144 1667 pro
1161 1581 1569 1665 expectatione
1585 1602 1884 1665 magnum,
1903 1585 2073 1647 noui-

208 1684 297 1729 tas
316 1684 516 1728 tamen
537 1668 806 1727 omnium
825 1666 1120 1728 conuertit
1137 1664 1374 1727 oculos.
1430 1664 1782 1727 Rotundum
1800 1665 1960 1729 euim
1981 1684 2075 1729 re-

207 1748 558 1834 pofitorium
580 1746 902 1812 duodecim
925 1749 1181 1811 habebat
1198 1746 1351 1829 ligna
1367 1747 1428 1810 in
1466 1748 1616 1810 orbe
1631 1743 1732 1810 dis
1760 1746 1907 1812 ofita
1928 1796 1947 1822 ‚
1986 1747 2076 1810 su-

209 1851 318 1917 per
335 1849 449 1915 que
466 1830 773 1914 proprium
809 1847 1265 1895 conuentenrem
1297 1850 1414 1915 que
1430 1830 1679 1895 materie
1738 1830 2076 1894 ructorim-

209 1912 489 2001 posuerat
505 1912 729 1975 cibum.
773 1912 942 1997 super
955 1917 1201 1977 arietem
1221 1914 1381 1976 cicer
1399 1914 1684 1977 aretinum
1708 1960 1727 1987 ,
1765 1912 1933 1999 super
1948 1928 2072 1975 rau·
2091 1920 2187 1975 20

209 2017 347 2061 rum
393 1994 613 2059 bubule
650 1994 924 2062 frustrum
948 2012 965 2071 ,’
1011 1998 1180 2080 super
1213 1998 1489 2079 geminos
1515 1994 1813 2059 testiculos
1830 2043 1849 2073 ,
1886 1996 2077 2060 acrie-

212 2100 315 2145 nes
334 2127 350 2154 ,
397 2081 560 2159 super
576 2098 853 2142 cancrum
875 2099 1160 2142 coronam
1185 2126 1200 2153 ,
1227 2081 1395 2163 super
1412 2079 1645 2142 leonem
1664 2079 1843 2145 ficum
1860 2076 2077 2143 africa-

211 2183 354 2228 num
377 2209 394 2235 ,
415 2161 578 2244 super
599 2162 883 2243 uirginem
907 2162 1276 2225 steriliculam
1296 2210 1314 2238 ,
1351 2163 1519 2247 super
1531 2160 1743 2225 libram
1762 2160 2033 2227 stateram
2054 2208 2078 2237 ,

210 2250 274 2310 in
311 2246 478 2307 cuius
512 2243 700 2307 altera.
731 2262 901 2326 parte
934 2244 1260 2308 sciribillita
1295 2262 1423 2308 erat
1456 2245 1515 2307 in
1554 2243 1734 2308 altera
1766 2244 2071 2331 placenta,

209 2328 313 2410 sup
325 2348 378 2389 er
417 2326 794 2406 scorpionem
847 2326 1191 2411 pisciculum
1229 2328 1525 2391 marinum
1556 2372 1575 2401 ,
1638 2326 1809 2413 super
1862 2325 2073 2413 sagita·
2092 2348 2177 2419 25

211 2414 366 2475 rium
389 2408 730 2492 oclopetam
750 2456 769 2484 ,
797 2408 963 2493 super
979 2412 1399 2493 capricornum
1416 2412 1475 2473 in
1493 2427 1616 2494 quo
1634 2430 1858 2475 cornua
1875 2427 2074 2485 erant,

210 2490 436 2558 locusta
487 2492 708 2554 matina
730 2539 747 2565 ,
789 2490 960 2575 super
992 2492 1290 2575 aquarium
1338 2490 1603 2557 anserem
1626 2541 1645 2568 ,
1684 2493 1855 2577 super
1892 2491 2079 2579 pisces

211 2578 372 2638 duos
393 2573 613 2636 mullos
636 2622 653 2647 ,
690 2575 750 2638 in
784 2576 990 2637 medio
1007 2592 1205 2636 antem
1244 2574 1441 2659 cespes
1459 2594 1597 2639 cum
1618 2577 1815 2639 herbis
1844 2575 2079 2641 excisus

211 2658 414 2723 sanum
443 2655 472 2715 s
466 2656 768 2721 ustinebat.
803 2656 1266 2721 circumferebat
1283 2659 1557 2741 egyptius
1574 2676 1717 2744 puer
1731 2660 1968 2725 clibano
1985 2674 2081 2723 ara
2124 2698 2152 2708 -

209 2759 433 2826 genteo
465 2760 676 2823 panem
695 2758 872 2826 arque
907 2740 1026 2825 ipse
1039 2742 1220 2803 etiam
1254 2744 1567 2805 teterrima
1604 2760 1757 2804 uoce
1785 2744 1921 2807 dela
1958 2741 2072 2805 ser·
2097 2764 2185 2834 30

212 2824 632 2909 piciatiomino
667 2826 968 2887 canticum
993 2821 1258 2886 extorsit.
1296 2843 1405 2887 nos
1430 2844 1495 2887 ut
1531 2824 1811 2889 tristiores
1847 2825 1921 2890 ad
1946 2843 2072 2888 tam

211 2909 356 2968 uiles
378 2904 727 2969 acceffimus
745 2905 938 2971 cibos.
975 2908 1197 2969 suadeo
1217 2907 1405 2989 inquit
1418 2907 1757 2969 trimalchio
1772 2926 2079 2972 certemus·

212 2990 331 3049 hoc
347 2990 426 3051 est
449 2994 506 3053 in
528 3008 690 3052 cene.
733 2992 843 3051 hec
862 3008 930 3052 ut
969 2989 1124 3053 dixit
1143 2992 1216 3051 ad
1243 2990 1633 3073 fimphoniam
1670 3008 1932 3073 quatuor
1964 2992 2079 3053 tri-

210 3071 521 3154 pudiantes
546 3090 988 3154 procurrerunt.
1033 3070 1512 3156 superioremque
1538 3086 1770 3158 partem
1790 3072 2078 3159 reposito-

211 3151 284 3215 rii
318 3152 668 3216 abstulerunt
696 3178 818 3238 quo
837 3155 999 3219 facto
1032 3156 1306 3219 uidemus
1324 3152 1475 3218 infra
1508 3154 1729 3220 scilicet
1750 3205 1767 3232 ,
1804 3160 1866 3223 in
1884 3157 2077 3219 altero
2097 3172 2186 3249 35

208 3234 440 3299 fercula
468 3234 650 3297 altilia
685 3238 752 3300 &
793 3240 1021 3303 sumina
1050 3288 1068 3313 ,
1129 3240 1516 3321 leporemque
1548 3240 1607 3303 in
1640 3240 1849 3304 medio
1882 3240 2078 3325 pinnis

211 3316 599 3381 subornatum
626 3364 644 3391 ,
682 3335 748 3380 ut
809 3324 1012 3403 egasus
1036 3323 1362 3386 videretur.
1399 3324 1742 3387 notauimus
1755 3325 1935 3387 etiam
1956 3325 2075 3419 cir!-

211 3400 320 3462 cha
342 3396 586 3479 angulos
606 3418 753 3478 repo
775 3406 935 3466 ttorii
955 3404 1220 3485 Marsyas
1237 3423 1497 3489 quatuor
1520 3457 1537 3482 ‚
1556 3426 1630 3469 ex
1649 3428 1905 3489 quorum
1928 3424 2082 3468 utri·

209 3482 361 3545 culis
376 3498 586 3561 garum
624 3484 957 3563 piperatum
1002 3484 1300 3550 currebat.
1356 3487 1523 3569 super
1540 3490 1725 3572 pisces
1745 3491 2077 3574 quicunque

211 3566 426 3649 euripo
442 3560 692 3625 natabat.
709 3558 921 3628 damus
941 3586 1151 3629 omnes
1166 3566 1431 3651 plausum
1454 3574 1488 3633 a
1506 3570 1735 3635 familia
1752 3578 2071 3651 inceptum.
2092 3592 2180 3661 40

213 3650 388 3711 &res
422 3642 790 3709 eleCliffimas
835 3650 1096 3711 ridentes
1115 3651 1478 3731 agredimur.
1518 3671 1639 3714 non
1678 3654 2075 3716 minus&tri·

213 3732 476 3797 malchio
508 3728 809 3794 eiusmodi
832 3730 1152 3795 methodio
1189 3730 1343 3795 letus
1356 3748 1535 3817 carpe
1551 3736 1759 3819 inquit.
1792 3734 2079 3823 proceffit

1881 3818 2073 3881 statim
