2634 4509
421 241 464 315 4
916 224 1932 292 APOLOGIA.

423 329 980 479 ffofflgffffdzsfflffi
997 333 1437 499 33:323,ssss
1452 328 2089 499 333023‘32‘532222552
2102 330 2415 479 ’ἔξὲἶξέἓῖ

424 499 551 561 bat.
593 496 784 574 Qod
803 501 969 559 certe
997 498 1038 561 si
1058 496 1298 572 fecisset,
1320 514 1430 559 nec
1449 498 1651 579 potius
1670 498 1889 578 primas
1912 496 2223 585 fragmenti
2242 500 2410 581 pagi-

423 594 527 645 nas
546 598 620 641 ex
641 580 800 642 libris
818 581 1052 662 pridem
1072 580 1274 655 editis,
1293 596 1501 643 caetera
1522 580 1666 640 verb
1683 597 1759 641 ex
1776 581 2011 664 ingenio
2028 582 2411 654 emendasset,

429 667 550 731 boc
577 662 774 723 saltem
795 660 1074 723 habuisset
1093 664 1286 725 minus
1303 663 1423 725 loci
1440 660 1755 725 adversarii
1788 664 2061 759 iniquitas
2077 662 2150 724 ad
2173 682 2272 725 me
2289 663 2410 725 cri-

426 744 772 809 minandum
794 789 810 816 ‚
849 744 1006 824 quasi
1026 765 1152 827 quae
1167 748 1246 805 de
1281 762 1425 807 meo
1462 742 1742 807 finxiffem
1784 746 1863 807 de
1894 750 1992 809 md
2002 746 2169 809 ustria
2203 763 2411 807 corru-

427 845 528 913 pta
546 874 562 900 ,
595 846 722 909 quae
750 827 892 887 vero
913 846 988 888 ex
1005 828 1126 889 aliis
1145 825 1555 908 descripsissem
1571 827 1888 891 emendata
1908 877 1925 901 ,
1943 846 2010 889 ut
2028 846 2405 912 acceperam,

471 907 785 972 rotuliffem
807 926 824 969 ε
861 928 1054 992 eoque
1087 910 1384 991 duplicem
1414 910 1583 984 hujus
1619 908 1815 993 scripti
1849 910 2157 973 auditorem
2194 912 2413 993 depre-

424 931 802 1054 {cudendum
824 991 1201 1074 praebuiffem.
1245 1012 1373 1074 quae
1386 990 1647 1073 alioquin
1668 995 1824 1055 ratio
1845 994 2023 1077 quam
2044 990 2108 1055 sit
2131 996 2165 1055 a
2184 1010 2413 1077 propo-

425 1074 538 1139 fito
559 1071 898 1155 impostoris
915 1074 1130 1147 aliena,
1150 1078 1329 1156 quam
1353 1072 1547 1135 rursus
1567 1078 1642 1135 ad
1663 1072 1863 1137 sinceri
1882 1073 2130 1137 editoris
2151 1077 2411 1139 rationes

428 1158 894 1221 accommodata
921 1173 1103 1217 nemo
1121 1176 1240 1218 uon
1259 1154 1427 1217 videt
1442 1179 1465 1233 ;
1481 1154 1619 1217 cum
1640 1155 1720 1217 illi
1742 1157 1831 1217 vel
1854 1156 2117 1219 universa
2136 1156 2413 1241 scriptio·

427 1258 501 1303 ne
522 1238 740 1301 eodem
764 1238 894 1299 luto
918 1238 1144 1301 foedata
1173 1284 1189 1307 .
1217 1236 1304 1299 vel
1326 1240 1712 1331 undequaque
1729 1237 1987 1313 eiusdem
2010 1234 2159 1300 limae‘
2180 1238 2407 1301 benefi-

425 1324 528 1386 cio
547 1318 822 1403 castigata
843 1334 992 1404 opus
1009 1320 1146 1383 effer
1167 1368 1186 1394 ,
1221 1320 1393 1397 hujus
1432 1320 1575 1381 vero
1612 1318 1897 1386 industria·
1932 1319 2407 1403 qualemcunque

427 1420 712 1470 nonatum
735 1400 852 1486 ipsa
872 1406 1069 1487 operis
1087 1404 1339 1465 varietas
1354 1400 1808 1465 commendaret
1826 1402 2029 1477 :Quid
2048 1402 2262 1465 multa?
2279 1420 2403 1465 non

425 1486 620 1551 solum
643 1504 762 1569 ego
783 1488 949 1563 buius
963 1485 1244 1549 editionis
1261 1484 1469 1549 audior
1490 1504 1610 1547 non
1630 1483 1754 1547 sum
1776 1533 1795 1561 ,
1836 1486 1932 1547 sed
1952 1501 2059 1547 nec
2076 1484 2222 1547 alius
2239 1486 2403 1567 quis-

424 1588 602 1652 quam
638 1570 732 1631 cui
749 1588 868 1650 ego
888 1568 1086 1631 saltem
1105 1569 1184 1630 de
1201 1569 1447 1631 nomine
1462 1584 1640 1629 notus
1662 1566 1836 1631 effem
1859 1616 1879 1641 ,
1933 1566 2071 1630 cum
2094 1570 2150 1631 in
2168 1568 2267 1629 illa
2288 1582 2403 1649 pro

429 1650 673 1723 statilio
687 1698 704 1727 ,
751 1670 951 1717 vetere
965 1651 1185 1717 scilicet
1203 1668 1349 1717 meae
1368 1647 1601 1715 familiae
1624 1650 1918 1717 vocabulo
1934 1696 1953 1725 ,
1996 1649 2280 1714 Statileus
2295 1668 2407 1733 ap-

427 1734 632 1819 pellet.

504 1814 760 1879 Habetis
780 1862 797 1889 ,
835 1816 900 1878 P.
924 1812 1004 1879 C.
1037 1833 1162 1880 rem
1179 1812 1401 1899 gestam
1417 1832 1699 1900 quantum
1718 1816 1795 1880 ad
1818 1838 1918 1883 me
1933 1822 2143 1883 attinet
2160 1818 2218 1903 in
2234 1814 2413 1881 causa

425 1896 740 1981 fragmenti
764 1898 1117 1973 Petroniani,
1139 1898 1304 1977 cujus
1325 1899 1565 1962 confiCti
1588 1901 1655 1963 δε
1672 1898 1947 1981 suppositi
1964 1921 2097 1965 rens
2114 1900 2270 1985 apud
2294 1916 2407 1961 vos

428 1979 613 2045 factus
637 1982 782 2043 sum.
817 1976 933 2042 Sed
956 1982 1250 2045 maculam
1267 1999 1393 2045 tam
1411 1980 1748 2044 deformem
1770 1982 1903 2046 satis
1936 1982 2245 2068 superque,
2268 1980 2406 2065 opi-

427 2084 559 2137 nor,
610 2066 647 2126 ὲ
672 2065 790 2125 vita
827 2064 893 2125 δε
912 2063 1081 2127 factis
1098 2064 1248 2127 meis
1269 2066 1587 2147 detergunt
1607 2084 1730 2147 qut
1746 2068 1780 2125 ὲ
1798 2083 1896 2128 me
1918 2113 1934 2139 ,
1962 2086 2025 2127 ut
2044 2068 2193 2139 dixi,
2214 2067 2413 2149 priva-

426 2150 538 2209 tim
559 2147 633 2207 ad
656 2148 953 2228 optimum
977 2146 1364 2209 Mocenicum
1386 2149 1496 2209 hac
1513 2148 1589 2205 de
1610 2166 1674 2209 re
1696 2145 1913 2231 scripta
1928 2148 2288 2213 sunt-Multo
2309 2162 2411 2207 ve-

428 2232 499 2291 ῐὸ
519 2228 806 2312 prolixius
827 2230 944 2291 hoc
959 2226 1144 2311 ipsum
1160 2226 1421 2311 praestitit
1438 2276 1456 2302 ,
1501 2228 1566 2290 δι
1606 2246 1848 2293 omnem
1928 2234 2119 2295 enitus
2134 2227 2412 2291 adversa-

425 2315 654 2381 riorum
671 2312 1026 2374 calumniam
1047 2312 1290 2373 nudavit
1308 2312 1376 2374 δε
1396 2310 1676 2375 refutavit
1696 2329 1784 2373 res
1802 2313 1864 2395 ip
1888 2332 1944 2388 a,
1976 2312 2105 2398 post
2121 2312 2411 2376 codicem

426 2398 580 2460 bunc
600 2392 865 2457 Romam
888 2393 1304 2465 transmissum,
1320 2396 1387 2456 δι
1400 2392 1723 2456 doctorum
1746 2394 2056 2461 bominum
2070 2396 2259 2459 oculis
2280 2393 2410 2455 sub-

431 2476 646 2549 iestum
666 2521 685 2549 ,
729 2478 972 2559 ejusque
1005 2475 1296 2558 scriptura
1330 2494 1449 2538 non
1490 2474 1831 2560 ambiguam
1870 2480 2285 2564 antiquitatem
2324 2474 2403 2537 ad

429 2578 566 2621 ccc.
587 2578 778 2619 annos
799 2561 1067 2621 omnium
1089 2558 1316 2635 judicio
1336 2558 1669 2641 porrestam
1691 2585 1715 2637 3
1748 2558 1956 2643 spatie,
1978 2580 2043 2623 ut
2066 2560 2301 2633 videtis,
2320 2559 2413 2620 in-

427 2643 577 2721 tegri
597 2639 799 2713 saeculi,
820 2643 996 2723 quam
1015 2642 1182 2721 quod
1203 2638 1517 2703 patavinus
1536 2646 1936 2726 typographus
1960 2642 2223 2726 profiteri
2238 2640 2409 2705 ausus

427 2722 908 2807 est,ampliorem.
951 2723 1294 2806 Expugnari
1332 2742 1579 2807 namque
1603 2726 1845 2787 tandem
1884 2724 2206 2811 aliquando
2227 2722 2409 2807 passus

421 2806 548 2869 ihm
567 2804 946 2871 constantiam
971 2822 1319 2877 meam,non
1341 2822 1467 2869 tam
1484 2805 1835 2870 auctoritate
1855 2802 2073 2872 summi
2088 2808 2197 2871 viri
2216 2809 2410 2869 Anto-

427 2890 506 2953 nii
525 2888 700 2951 Priuli
727 2888 1042 2953 Dalmatiae
1061 2886 1343 2962 Praefesti,
1366 2890 1458 2951 cui
1475 2890 1693 2953 librum
1715 2892 1771 2951 in
1792 2890 2021 2955 Vrbem
2040 2890 2407 2953 mittendum

425 2972 648 3034 tradidi
677 3018 694 3044 ,
718 2976 898 3056 quam
915 2973 990 3035 ad
1001 2973 1228 3035 versarii
1246 2972 1521 3035 convitiis
1542 2974 1604 3035 δι
1626 2972 1949 3035 maledictis
1975 2998 1997 3053 3
2026 2994 2283 3068 quorum
2302 2992 2407 3033 va-

425 3056 672 3117 nitatem
693 3056 914 3119 revinci
947 3070 1020 3117 ac
1037 3052 1297 3137 patefieri
1330 3074 1447 3117 non
1467 3054 1600 3118 mea
1622 3055 1808 3117 solum
1846 3054 1945 3115 sed
1982 3074 2067 3118 rer
2112 3056 2408 3119 litteraria:

425 3134 700 3199 universae
717 3138 1020 3211 intererat,
1045 3157 1118 3199 ne
1137 3155 1588 3199 monumentum
1608 3134 2017 3217 elegantissimi
2038 3136 2363 3218 Scriptoris
2388 3182 2409 3211 ,

424 3219 520 3281 cui
539 3235 635 3279 tot
655 3219 1015 3293 soeculorum,
1037 3236 1104 3278 ut
1123 3221 1206 3281 ita
1225 3218 1441 3288 dicam,
1458 3218 1739 3299 ingluvies
1758 3218 1815 3279 in
1836 3238 2062 3283 veteres
2090 3220 2277 3283 libros
2298 3218 2411 3280 foe-

425 3301 508 3363 de
527 3298 813 3361 bacchata
830 3300 1172 3381 pepercisset
1189 3346 1206 3372 ,
1249 3296 1519 3361 leviffimi
1538 3300 1795 3363 hominis
1812 3302 2003 3366 livore
2028 3322 2097 3363 ac
2134 3302 2408 3364 malevo-

419 3383 600 3445 lentia
619 3382 948 3466 oppressum
983 3396 1161 3464 atque
1193 3399 1501 3443 enecatum
1538 3382 1825 3446 interiret.
1889 3385 2057 3467 Qid
2079 3387 2239 3449 enim
2283 3383 2407 3460 iam

418 3464 501 3529 est
538 3464 704 3545 quod
739 3465 856 3528 boc
879 3462 1117 3549 prolato
1133 3465 1351 3526 codice
1383 3464 1459 3527 ad
1481 3483 1641 3528 tuam
1666 3464 2038 3551 ,Vagenleili
2061 3514 2079 3541 ,
2122 3468 2407 3529 tuendam

419 3546 764 3611 sententiam
785 3548 992 3611 afferre
1007 3548 1230 3623 audes?
1270 3547 1362 3610 An
1383 3566 1585 3611 verum
1608 3547 1771 3613 illum
1791 3600 1807 3624 ,
1826 3572 1901 3614 an
1924 3550 2207 3614 vetustum
2230 3569 2411 3627 nega-

421 3628 514 3693 bis
534 3630 574 3696 ἓ.
601 3627 694 3691 led
717 3632 894 3693 habes
909 3630 1278 3694 adversarios
1298 3631 1434 3693 huic
1454 3648 1625 3695 tantae
1648 3634 1985 3715 pertinaciae
2004 3633 2169 3697 viros
2190 3632 2409 3695 doctis-

419 3714 600 3777 simos
622 3760 638 3785 ,
681 3712 746 3773 δε
768 3715 826 3775 in
847 3714 1046 3777 omnis
1062 3715 1186 3778 anti
1229 3713 1431 3797 uitatis
1446 3716 1792 3797 cognitione
1808 3718 2079 3801 apprime
2101 3716 2363 3780 versatos
2384 3760 2406 3789 ,

417 3816 673 3879 quorum
696 3816 913 3882 magna
933 3796 1089 3862 estin
1113 3795 1199 3865 Vr
1291 3797 1467 3882 copia
1487 3842 1507 3875 ,
1548 3816 1658 3861 nec
1693 3800 1887 3867 modo
1918 3798 2108 3865 Italos
2126 3846 2145 3877 ,
2194 3798 2405 3891 ver-um

2214 3898 2405 3947 etiam
