2634 4509
789 294 975 365 AD
1078 288 2043 372 LECTOREM.-

480 406 495 418 ’
617 402 814 503 'Jupiter
829 412 1162 501 omnipotens
1175 460 1194 486 ,
1247 406 1323 481 (φ’
1353 424 1417 475 tu
1436 407 1701 475 Sdturnia
1718 404 1875 474 tenus
1904 421 1909 427 ·

611 503 1219 579 armamaxas---
1271 503 1609 599 Testor---

610 619 731 676 Hac
748 606 840 675 ubi
847 603 1112 697 persbnuit
1127 602 1194 673 de
1215 604 1343 673 coelo
1360 603 1637 696 Delphicus
1657 602 1767 673 ales

612 717 666 773 Ο
679 706 835 773 mina
851 704 969 772 laeta
983 702 1150 772 dedit.
1207 703 1350 770 δίε.
1700 724 1709 739 ·
1984 770 1996 777 ,

351 876 358 885 ,
403 792 552 875 Pro
571 798 1066 871 immortalitate
1091 801 1329 869 animae
1367 821 1432 894 p.
1456 818 1547 893 43
1566 822 1625 894 3:
1646 798 1942 869 Fortuna
1958 791 2045 867 ad
2063 796 2297 871 Ditem
2320 846 2345 890 ,

607 902 793 969 Pande
809 923 904 993 age
929 895 1450 990 tmaeumfit‘ientia
1468 920 1629 990 Qua
1648 914 1872 967 tuarum
1890 951 1911 979 ‚

611 1013 791 1090 Atque
807 1000 1018 1067 animas
1037 996 1222 1085 arccffi
1239 1018 1407 1064 novas
1424 1023 1445 1062 .·
1486 996 1583 1064 vix
1600 998 1791 1065 navita
1806 994 2119 1067 Porthmeus

609 1093 1137 1189 Sufficietfimulacra
1177 1088 1362 1166 viram
1370 1092 1647 1163 traducere
1661 1089 1847 1189 cymba*
1871 1144 1895 1179 ,
2188 1108 2197 1115 ·

614 1194 784 1283 (314]Ῐὲ
802 1213 931 1285 opus
945 1192 1036 1288 est.
1195 1222 1230 1279 ς

410 1293 550 1362 Pro
572 1286 707 1360 fine
729 1286 1071 1363 &summa
1113 1288 1405 1359 hominis
1443 1285 1758 1362 felicitate
1778 1289 1847 1358 in
1867 1286 2129 1357 afflone
2162 1280 2389 1357 confi-

407 1385 618 1461 stente
635 1391 896 1481 virtutis
920 1442 941 1473 ,
990 1388 1242 1459 invicto
1257 1385 1659 1485 argumento
1699 1410 1789 1457 ex
1826 1386 2162 1456 contrario
2180 1380 2387 1471 sensu,

410 1490 490 1556 δε
510 1509 630 1555 ore
652 1483 844 1583 ipfius
867 1483 1178 1581 Encolpii
1203 1538 1224 1571 ,
1278 1484 1305 1583 (
1328 1487 1445 1582 qui
1472 1481 1569 1553 ibi
1610 1482 1969 1582 Polyaenos
2006 1483 2237 1580 audit)
2282 1479 2389 1555 stu
2631 1552 2632 1561 ,

411 1584 696 1654 auctoris
736 1609 798 1681 p.
817 1605 1005 1677 449:
1057 1588 1152 1655 Dii
1173 1635 1192 1663 ,
1233 1583 1441 1675 deaque
1460 1636 1481 1665 ,
1527 1579 1700 1675 quam
1736 1578 1879 1653 mal&
1918 1581 1990 1677 est
2026 1601 2187 1655 extra
2224 1586 2391 1677 legem
2630 1562 2632 1691 ⁴

303 1736 308 1741 -
407 1684 707 1754 viventibus
748 1690 773 1753 !
809 1684 1067 1775 quidquid
1104 1698 1421 1751 meruerunt
1446 1682 1654 1774 semper
1688 1682 2011 1775 exspeffant.
2063 1700 2137 1751 ut
2175 1676 2397 1751 sileam

409 1778 598 1876 quod
615 1777 712 1849 est
732 1805 797 1878 p.
811 1804 898 1876 52
912 1807 968 1849 1.
990 1794 1044 1850 Ο
1063 1783 1312 1851 maxima
1332 1802 1515 1849 rerum
1535 1783 1921 1871 -pietas‚&c.
1976 1780 2156 1875 Qae
2177 1774 2226 1847 fi
2246 1775 2391 1857 edi·-

407 1874 668 1949 toribus
690 1873 966 1977 expensa
1000 1876 1231 1949 melius
1271 1874 1476 1948 effent
1500 1930 1521 1963 ‚
1569 1875 1807 1974 procul
1844 1873 2060 1947 dubio
2098 1872 2390 1948 erubuiss·

347 1990 362 2005 ’
405 1970 546 2047 stent
567 1999 710 2072 cap.
742 2002 784 2073 3·
838 1974 1150 2046 editionis
1175 1974 1607 2047 Frellonianae
1630 2028 1651 2061 ‚
1704 1980 1781 2047 δε
1819 1972 2385 2047 Schonwetteria-

324 2082 337 2169 J
407 2097 512 2143 11ae
549 2096 626 2143 ea
661 2095 744 2142 ex
784 2070 1024 2171 quibus
1065 2098 1190 2144 nos
1235 2070 1583 2170 praemiffas
1640 2076 1928 2145 eruimus
1966 2071 2383 2170 objeffiones

405 2165 700 2268 spargere
723 2224 745 2258 ,
778 2172 1148 2266 scriptumque
1165 2172 1233 2241 in
1255 2166 1598 2242 discrimen
1628 2170 1951 2245 adducere
1971 2226 1993 2261 ‚
2030 2170 2261 2267 quopost
2278 2196 2387 2242 na-

405 2288 495 2341 tas
521 2272 756 2363 Mtql'as,'
795 2290 872 2341 ut
891 2276 946 2343 Ι.
971 2268 1227 2367 Lipfius
1247 2267 1451 2365 Epist.
1485 2266 1750 2365 Qaest.
1789 2269 1836 2341 1.
1868 2296 1989 2365 3‚e
2038 2320 2056 2341 .
2078 2294 2126 2341 2
2162 2268 2387 2368 loqui-

405 2387 516 2439 tur
539 2420 561 2455 ,
612 2370 824 2439 nullum
841 2369 1106 2465 venustius
1125 2422 1144 2449 ,
1183 2370 1397 2438 nullum
1414 2369 1654 2463 agurius
1670 2366 1889 2463 exstitit.
1934 2295 2209 2441 Azeffet
2227 2392 2384 2439 mo-

403 2464 501 2535 do
522 2466 672 2537 nuda
690 2469 932 2559 nequitia
953 2519 974 2551 ‚
1025 2464 1208 2536 addit
1229 2462 1477 2537 ibidem
1497 2461 1753 2562 Lipfius
1777 2521 1797 2552 ‚
1818 2490 2019 2564 quam
2038 2464 2147 2536 alii
2166 2469 2384 2563 impu-

401 2560 700 2634 dentiam
723 2568 800 2633 &
819 2559 1329 2634 obscoenitatem
1365 2563 1613 2635 dixere.
1669 2563 1805 2636 Sed
1826 2565 1935 2635 cui
1974 2568 2091 2661 Hy
2137 2561 2381 2636 ocrifin

401 2684 545 2759 quo
585 2659 841 2731 nullum
875 2658 1281 2759 pestilentius
1320 2661 1577 2735 malum·
1608 2664 1679 2731 in
1716 2681 1874 2733 toto
1912 2589 2169 2734 mundo
2208 2718 2231 2751 ,
2304 2666 2377 2733 in

404 2757 741 2855 Quartilla
778 2763 855 2830 δε
889 2760 1192 2831 Enothm
1224 2755 1673 2833 lacerdotibus
1708 2813 1731 2847 ‚
1790 2785 1869 2831 ac
1901 2765 2266 2860 praeprimis
2306 2764 2377 2833 in

403 2856 742 2955 Eumolpo
761 2854 1158 2956 philosopho
1179 2914 1203 2947 ,
1251 2862 1345 2930 ita'
1377 2859 1675 2931 extreme
1694 2884 1925 2933 vexare
1946 2914 1969 2949 ‚
2071 2860 2231 2932 ualis
2251 2884 2373 2930 ne·-

401 2978 523 3026 mo
558 2958 811 3027 ma'ore
847 2952 985 3029 nisu
1041 2979 1239 3056 atque
1275 2962 1577 3031 acumine
1609 2956 1711 3031 vel
1751 2963 2021 3057 cogitan
2069 2985 2118 3029 o
2156 2955 2375 3029 facere

451 3056 594 3123 otu’
647 3074 716 3125 et
738 3107 760 3139 ‚
807 3074 952 3127 tum
983 3054 1371 3130 inconceffie
1388 3059 1663 3132 Veneris
1700 3056 2113 3149 γλυκύπικρον
2150 3057 2378 3127 omni·-

454 3176 528 3221 us
565 3150 996 3224 deridendum
1033 3153 1325 3251 praebere
1347 3210 1369 3243 ‚
1415 3158 1670 3225 animus
1703 3176 1840 3225 erat
1864 3156 1899 3241 ,'
1935 3156 1991 3225 is
2031 3149 2151 3225 nifi
2188 3177 2375 3251 aper-

401 3248 475 3319 te
495 3246 758 3321 locutus
777 3247 994 3323 fui-ffet
1017 3268 1038 3339 ,'
1072 3250 1387 3325 facillime
1423 3256 1494 3323 in
1510 3252 1739 3348 aliquo
1775 3246 2118 3324 offendere
2137 3244 2213 3322 ὅς’
2232 3249 2373 3324 fine

401 3342 518 3417 suo
558 3344 844 3419 frustrari
882 3370 1165 3447 poterat.
1241 3346 1766 3433 Obscaenitatem
1824 3345 2229 3429 causantibus
2265 3375 2369 3423 re-

396 3441 680 3542 spondet
719 3448 1054 3520 Martinus
1106 3450 1529 3545 Hayneccius
1588 3451 1659 3517 in
1708 3446 1983 3546 epistola
2040 3453 2365 3523 Terentio

396 3541 786 3649 praepofita:
839 3544 1038 3619 Veriaem
1054 3572 1166 3641 qua
1183 3550 1259 3618 illi
1277 3549 1422 3618 nobis
1438 3546 1787 3641 obfioenitates
1812 3556 2093 3623 narrant?
2117 3577 2124 3586 ·

411 3660 436 3728 j
470 3656 488 3711 '.
601 3646 1448 3727 Vtimneinnenmfldem,
1486 3644 1899 3740 obscoenitatibus

451 3763 529 3800 ···-
592 3741 863 3836 Jnjseaum
877 3744 950 3821 ab
963 3746 1072 3821 imo
1089 3798 1110 3835 ,
1144 3747 1451 3821 husnassmn
1469 3744 1907 3843 cecidfftgenus.
