<?xml version="1.0" encoding="UTF-8"?>
<!DOCTYPE html PUBLIC "-//W3C//DTD XHTML 1.0 Transitional//EN"
    "http://www.w3.org/TR/xhtml1/DTD/xhtml1-transitional.dtd">
<html xmlns="http://www.w3.org/1999/xhtml" xml:lang="en" lang="en">
 <head>
  <title>
</title>
<meta http-equiv="Content-Type" content="text/html;charset=utf-8" />
  <meta name='ocr-system' content='tesseract 3.04.00' />
  <meta name='ocr-capabilities' content='ocr_page ocr_carea ocr_par ocr_line ocrx_word'/>
</head>
<body>
  <div class='ocr_page' id='page_1' title='image "./titipetroniiarb00hooggoog_0905.png"; bbox 0 0 2634 4509; ppageno 0'>
   <div class='ocr_carea' id='block_1_1' title="bbox 164 274 2095 2665">
    <p class='ocr_par' dir='ltr' id='par_1_1' title="bbox 164 274 2095 2665">
     <span class='ocr_line' id='line_1_1' title="bbox 190 274 2034 391; baseline 0.001 -29"><span class='ocrx_word' id='word_1_1' title='bbox 190 302 349 362; x_wconf 88' lang='lat' dir='ltr'>tum</span> <span class='ocrx_word' id='word_1_2' title='bbox 370 276 919 361; x_wconf 71' lang='lat' dir='ltr'>continebatur</span> <span class='ocrx_word' id='word_1_3' title='bbox 940 330 965 369; x_wconf 85' lang='lat'>,</span> <span class='ocrx_word' id='word_1_4' title='bbox 1016 274 1063 354; x_wconf 74' lang='grc' dir='ltr'>ὲ</span> <span class='ocrx_word' id='word_1_5' title='bbox 1089 303 1245 387; x_wconf 88' lang='lat' dir='ltr'>quo</span> <span class='ocrx_word' id='word_1_6' title='bbox 1268 274 1644 391; x_wconf 73' lang='lat' dir='ltr'>p&#39;raeci&#39;pue</span> <span class='ocrx_word' id='word_1_7' title='bbox 1675 278 2034 390; x_wconf 64' lang='lat' dir='ltr'>petendae</span> 
     </span>
     <span class='ocr_line' id='line_1_2' title="bbox 182 387 2028 489; baseline 0.001 -13"><span class='ocrx_word' id='word_1_8' title='bbox 182 416 395 476; x_wconf 81' lang='lat' dir='ltr'>erant</span> <span class='ocrx_word' id='word_1_9' title='bbox 449 389 882 474; x_wconf 74' lang='lat' dir='ltr'>necessariae</span> <span class='ocrx_word' id='word_1_10' title='bbox 937 387 1035 470; x_wconf 84' lang='lat' dir='ltr'>ad</span> <span class='ocrx_word' id='word_1_11' title='bbox 1090 388 1611 473; x_wconf 86' lang='lat' dir='ltr'>instruendum</span> <span class='ocrx_word' id='word_1_12' title='bbox 1655 393 2028 489; x_wconf 67' lang='lat' dir='ltr'>judicium</span> 
     </span>
     <span class='ocr_line' id='line_1_3' title="bbox 180 504 2095 617; baseline 0.001 -28"><span class='ocrx_word' id='word_1_13' title='bbox 180 510 669 617; x_wconf 69' lang='lat' dir='ltr'>conjefihirae,</span> <span class='ocrx_word' id='word_1_14' title='bbox 730 532 877 585; x_wconf 89' lang='lat' dir='ltr'>nec</span> <span class='ocrx_word' id='word_1_15' title='bbox 916 504 1242 585; x_wconf 87' lang='lat' dir='ltr'>multum</span> <span class='ocrx_word' id='word_1_16' title='bbox 1266 512 1632 616; x_wconf 81' lang='lat' dir='ltr'>temporis</span> <span class='ocrx_word' id='word_1_17' title='bbox 1657 508 2026 589; x_wconf 84' lang='lat' dir='ltr'>interces-</span> <span class='ocrx_word' id='word_1_18' title='bbox 2086 537 2095 543; x_wconf 92' lang='lat'>·</span> 
     </span>
     <span class='ocr_line' id='line_1_4' title="bbox 180 614 2038 705; baseline 0.001 -2"><span class='ocrx_word' id='word_1_19' title='bbox 180 618 371 703; x_wconf 81' lang='lat' dir='ltr'>fiffot</span> <span class='ocrx_word' id='word_1_20' title='bbox 414 644 498 701; x_wconf 89' lang='lat' dir='ltr'>ut</span> <span class='ocrx_word' id='word_1_21' title='bbox 538 626 599 699; x_wconf 86' lang='lat' dir='ltr'>is</span> <span class='ocrx_word' id='word_1_22' title='bbox 638 616 887 699; x_wconf 84' lang='lat' dir='ltr'>codex</span> <span class='ocrx_word' id='word_1_23' title='bbox 938 614 1458 699; x_wconf 68' lang='lat' dir='ltr'>adnitentibus</span> <span class='ocrx_word' id='word_1_24' title='bbox 1509 620 1818 700; x_wconf 81' lang='lat' dir='ltr'>summis</span> <span class='ocrx_word' id='word_1_25' title='bbox 1853 629 2038 705; x_wconf 70' lang='lat' dir='ltr'>viris</span> 
     </span>
     <span class='ocr_line' id='line_1_5' title="bbox 181 730 2037 831; baseline 0.003 -18"><span class='ocrx_word' id='word_1_26' title='bbox 181 734 525 815; x_wconf 86' lang='lat' dir='ltr'>Antonio</span> <span class='ocrx_word' id='word_1_27' title='bbox 582 734 961 814; x_wconf 87' lang='lat' dir='ltr'>Grimano</span> <span class='ocrx_word' id='word_1_28' title='bbox 1016 732 1318 813; x_wconf 90' lang='lat' dir='ltr'>Veneto</span> <span class='ocrx_word' id='word_1_29' title='bbox 1375 730 1470 814; x_wconf 86' lang='lat' dir='ltr'>ad</span> <span class='ocrx_word' id='word_1_30' title='bbox 1542 738 1764 831; x_wconf 81' lang='lat' dir='ltr'>Pont.</span> <span class='ocrx_word' id='word_1_31' title='bbox 1818 735 2037 819; x_wconf 83' lang='lat' dir='ltr'><strong>Max..</strong></span> 
     </span>
     <span class='ocr_line' id='line_1_6' title="bbox 184 846 2026 959; baseline 0.002 -34"><span class='ocrx_word' id='word_1_32' title='bbox 184 849 513 959; x_wconf 87' lang='lat' dir='ltr'>Legat0,</span> <span class='ocrx_word' id='word_1_33' title='bbox 572 860 648 929; x_wconf 84' lang='lat'>&amp;</span> <span class='ocrx_word' id='word_1_34' title='bbox 707 849 1057 925; x_wconf 88' lang='lat' dir='ltr'>Antonio</span> <span class='ocrx_word' id='word_1_35' title='bbox 1098 847 1355 927; x_wconf 90' lang='lat' dir='ltr'>Priolo</span> <span class='ocrx_word' id='word_1_36' title='bbox 1399 846 1794 928; x_wconf 83' lang='lat' dir='ltr'>Dalmatiae</span> <span class='ocrx_word' id='word_1_37' title='bbox 1837 852 2026 929; x_wconf 81' lang='lat' dir='ltr'>Prae-</span> 
     </span>
     <span class='ocr_line' id='line_1_7' title="bbox 183 957 2026 1071; baseline 0 -28"><span class='ocrx_word' id='word_1_38' title='bbox 183 957 380 1043; x_wconf 65' lang='lat' dir='ltr'>festo</span> <span class='ocrx_word' id='word_1_39' title='bbox 411 960 749 1043; x_wconf 82' lang='lat' dir='ltr'>Romam</span> <span class='ocrx_word' id='word_1_40' title='bbox 794 966 1273 1048; x_wconf 84' lang='lat' dir='ltr'>mitteretur,</span> <span class='ocrx_word' id='word_1_41' title='bbox 1329 970 1405 1038; x_wconf 87' lang='lat'>&amp;</span> <span class='ocrx_word' id='word_1_42' title='bbox 1445 958 1750 1071; x_wconf 72' lang='lat' dir='ltr'>publice</span> <span class='ocrx_word' id='word_1_43' title='bbox 1793 961 2026 1043; x_wconf 89' lang='lat' dir='ltr'>visen-</span> 
     </span>
     <span class='ocr_line' id='line_1_8' title="bbox 178 1070 2026 1187; baseline 0.001 -32"><span class='ocrx_word' id='word_1_44' title='bbox 178 1073 309 1155; x_wconf 88' lang='lat' dir='ltr'>dus</span> <span class='ocrx_word' id='word_1_45' title='bbox 335 1070 975 1181; x_wconf 62' lang='lat' dir='ltr'>&amp;examinandus</span> <span class='ocrx_word' id='word_1_46' title='bbox 998 1078 1563 1187; x_wconf 70' lang='lat' dir='ltr'>proponeretur</span> <span class='ocrx_word' id='word_1_47' title='bbox 1584 1135 1606 1165; x_wconf 93' lang='lat'>‚</span> <span class='ocrx_word' id='word_1_48' title='bbox 1631 1073 2026 1187; x_wconf 70' lang='lat' dir='ltr'>essentque</span> 
     </span>
     <span class='ocr_line' id='line_1_9' title="bbox 177 1187 2024 1299; baseline 0.001 -32"><span class='ocrx_word' id='word_1_49' title='bbox 177 1187 364 1269; x_wconf 88' lang='lat' dir='ltr'>mihi</span> <span class='ocrx_word' id='word_1_50' title='bbox 408 1188 539 1271; x_wconf 85' lang='lat' dir='ltr'>sub</span> <span class='ocrx_word' id='word_1_51' title='bbox 580 1190 807 1299; x_wconf 85' lang='lat' dir='ltr'>praelo</span> <span class='ocrx_word' id='word_1_52' title='bbox 855 1214 1125 1269; x_wconf 87' lang='lat' dir='ltr'>ornnes</span> <span class='ocrx_word' id='word_1_53' title='bbox 1184 1188 1406 1293; x_wconf 86' lang='lat' dir='ltr'>hujus</span> <span class='ocrx_word' id='word_1_54' title='bbox 1450 1190 1798 1270; x_wconf 55' lang='lat' dir='ltr'>Auctoris</span> <span class='ocrx_word' id='word_1_55' title='bbox 1855 1192 2024 1270; x_wconf 87' lang='lat' dir='ltr'>reli-</span> 
     </span>
     <span class='ocr_line' id='line_1_10' title="bbox 175 1298 2023 1415; baseline 0.001 -32"><span class='ocrx_word' id='word_1_56' title='bbox 175 1309 380 1413; x_wconf 86' lang='lat' dir='ltr'>quiae,</span> <span class='ocrx_word' id='word_1_57' title='bbox 403 1331 581 1385; x_wconf 88' lang='lat' dir='ltr'>cum</span> <span class='ocrx_word' id='word_1_58' title='bbox 612 1308 811 1383; x_wconf 87' lang='lat' dir='ltr'>notis</span> <span class='ocrx_word' id='word_1_59' title='bbox 840 1312 914 1381; x_wconf 85' lang='lat'>&amp;</span> <span class='ocrx_word' id='word_1_60' title='bbox 936 1308 1509 1382; x_wconf 85' lang='lat' dir='ltr'>commentariis</span> <span class='ocrx_word' id='word_1_61' title='bbox 1533 1299 1760 1415; x_wconf 74' lang='lat' dir='ltr'>paulo</span> <span class='ocrx_word' id='word_1_62' title='bbox 1788 1298 2023 1414; x_wconf 49' lang='lat' dir='ltr'>quom</span> 
     </span>
     <span class='ocr_line' id='line_1_11' title="bbox 173 1413 2022 1529; baseline 0.001 -32"><span class='ocrx_word' id='word_1_63' title='bbox 173 1418 347 1499; x_wconf 66' lang='lat' dir='ltr'>alizis</span> <span class='ocrx_word' id='word_1_64' title='bbox 370 1416 552 1498; x_wconf 90' lang='lat' dir='ltr'>editi</span> <span class='ocrx_word' id='word_1_65' title='bbox 578 1413 1072 1496; x_wconf 62' lang='lat' dir='ltr'>instruitiores</span> <span class='ocrx_word' id='word_1_66' title='bbox 1092 1470 1114 1505; x_wconf 90' lang='lat'>,</span> <span class='ocrx_word' id='word_1_67' title='bbox 1146 1423 1758 1529; x_wconf 76' lang='lat' dir='ltr'>ornatioresque:</span> <span class='ocrx_word' id='word_1_68' title='bbox 1819 1445 2022 1499; x_wconf 86' lang='lat' dir='ltr'>mea·</span> 
     </span>
     <span class='ocr_line' id='line_1_12' title="bbox 173 1525 2021 1641; baseline 0.001 -30"><span class='ocrx_word' id='word_1_69' title='bbox 173 1558 339 1611; x_wconf 87' lang='lat' dir='ltr'>rum</span> <span class='ocrx_word' id='word_1_70' title='bbox 364 1536 685 1641; x_wconf 86' lang='lat' dir='ltr'>partium</span> <span class='ocrx_word' id='word_1_71' title='bbox 710 1525 863 1611; x_wconf 80' lang='lat' dir='ltr'>effe</span> <span class='ocrx_word' id='word_1_72' title='bbox 890 1534 1139 1640; x_wconf 70' lang='lat' dir='ltr'>patavi</span> <span class='ocrx_word' id='word_1_73' title='bbox 1179 1527 1536 1612; x_wconf 76' lang='lat' dir='ltr'>codicem</span> <span class='ocrx_word' id='word_1_74' title='bbox 1577 1529 1815 1641; x_wconf 87' lang='lat' dir='ltr'>ipsum</span> <span class='ocrx_word' id='word_1_75' title='bbox 1836 1530 2021 1613; x_wconf 85' lang='lat' dir='ltr'>Tta-</span> 
     </span>
     <span class='ocr_line' id='line_1_13' title="bbox 169 1638 2022 1752; baseline 0.002 -31"><span class='ocrx_word' id='word_1_76' title='bbox 169 1649 382 1752; x_wconf 83' lang='lat' dir='ltr'>gurio</span> <span class='ocrx_word' id='word_1_77' title='bbox 428 1645 776 1738; x_wconf 77' lang='lat' dir='ltr'>allatum,</span> <span class='ocrx_word' id='word_1_78' title='bbox 832 1638 1018 1723; x_wconf 85' lang='lat' dir='ltr'>ficut</span> <span class='ocrx_word' id='word_1_79' title='bbox 1046 1643 1157 1725; x_wconf 89' lang='lat' dir='ltr'>est</span> <span class='ocrx_word' id='word_1_80' title='bbox 1181 1640 1632 1725; x_wconf 84' lang='lat' dir='ltr'>mendosum</span> <span class='ocrx_word' id='word_1_81' title='bbox 1657 1654 1732 1721; x_wconf 85' lang='lat'>&amp;</span> <span class='ocrx_word' id='word_1_82' title='bbox 1753 1638 1798 1721; x_wconf 71' lang='grc' dir='ltr'>ὲ</span> <span class='ocrx_word' id='word_1_83' title='bbox 1817 1668 2022 1725; x_wconf 80' lang='lat' dir='ltr'>vete-</span> 
     </span>
     <span class='ocr_line' id='line_1_14' title="bbox 168 1752 2024 1871; baseline 0.002 -38"><span class='ocrx_word' id='word_1_84' title='bbox 168 1782 335 1835; x_wconf 88' lang='lat' dir='ltr'>rum</span> <span class='ocrx_word' id='word_1_85' title='bbox 375 1756 845 1842; x_wconf 67' lang='lat' dir='ltr'>librationum</span> <span class='ocrx_word' id='word_1_86' title='bbox 890 1756 1275 1871; x_wconf 57' lang='lat' dir='ltr'>imperitia</span> <span class='ocrx_word' id='word_1_87' title='bbox 1335 1752 1530 1849; x_wconf 70' lang='lat' dir='ltr'>male</span> <span class='ocrx_word' id='word_1_88' title='bbox 1585 1758 2024 1841; x_wconf 60' lang='lat' dir='ltr'>mulctatum</span> 
     </span>
     <span class='ocr_line' id='line_1_15' title="bbox 166 1868 2022 1984; baseline 0.003 -36"><span class='ocrx_word' id='word_1_89' title='bbox 166 1877 353 1952; x_wconf 89' lang='lat' dir='ltr'>meis</span> <span class='ocrx_word' id='word_1_90' title='bbox 413 1876 609 1983; x_wconf 73' lang='lat' dir='ltr'>typis</span> <span class='ocrx_word' id='word_1_91' title='bbox 660 1868 969 1983; x_wconf 73' lang='lat' dir='ltr'>publice</span> <span class='ocrx_word' id='word_1_92' title='bbox 1020 1870 1458 1981; x_wconf 86' lang='lat' dir='ltr'>·legendum</span> <span class='ocrx_word' id='word_1_93' title='bbox 1533 1897 2022 1984; x_wconf 85' lang='lat' dir='ltr'>proponere,</span> 
     </span>
     <span class='ocr_line' id='line_1_16' title="bbox 168 1978 2022 2095; baseline 0 -31"><span class='ocrx_word' id='word_1_94' title='bbox 168 1978 474 2095; x_wconf 70' lang='lat' dir='ltr'>una&#39;rque</span> <span class='ocrx_word' id='word_1_95' title='bbox 526 2011 807 2064; x_wconf 87' lang='lat' dir='ltr'>novam</span> <span class='ocrx_word' id='word_1_96' title='bbox 862 1986 1149 2065; x_wconf 85' lang='lat' dir='ltr'>Marini</span> <span class='ocrx_word' id='word_1_97' title='bbox 1216 1988 1482 2067; x_wconf 86' lang='lat' dir='ltr'>Statilii</span> <span class='ocrx_word' id='word_1_98' title='bbox 1551 1994 1701 2085; x_wconf 85' lang='lat' dir='ltr'>ejus</span> <span class='ocrx_word' id='word_1_99' title='bbox 1778 1983 2022 2065; x_wconf 87' lang='lat' dir='ltr'>domi-</span> 
     </span>
     <span class='ocr_line' id='line_1_17' title="bbox 164 2095 2022 2210; baseline 0.001 -32"><span class='ocrx_word' id='word_1_100' title='bbox 164 2104 245 2178; x_wconf 90' lang='lat' dir='ltr'>ni</span> <span class='ocrx_word' id='word_1_101' title='bbox 269 2102 776 2209; x_wconf 87' lang='lat' dir='ltr'>Apologiam,</span> <span class='ocrx_word' id='word_1_102' title='bbox 829 2095 987 2210; x_wconf 73' lang='lat' dir='ltr'>quo</span> <span class='ocrx_word' id='word_1_103' title='bbox 1036 2098 1417 2181; x_wconf 85' lang='lat' dir='ltr'>haberent</span> <span class='ocrx_word' id='word_1_104' title='bbox 1463 2103 1832 2180; x_wconf 84' lang='lat' dir='ltr'>literarum</span> <span class='ocrx_word' id='word_1_105' title='bbox 1879 2099 2022 2179; x_wconf 86' lang='lat' dir='ltr'>stu-</span> 
     </span>
     <span class='ocr_line' id='line_1_18' title="bbox 166 2208 2018 2323; baseline 0.002 -34"><span class='ocrx_word' id='word_1_106' title='bbox 166 2208 347 2293; x_wconf 88' lang='lat' dir='ltr'>diofi</span> <span class='ocrx_word' id='word_1_107' title='bbox 374 2214 782 2292; x_wconf 65' lang='lat' dir='ltr'>colleekutn</span> <span class='ocrx_word' id='word_1_108' title='bbox 826 2220 907 2292; x_wconf 88' lang='lat' dir='ltr'>in</span> <span class='ocrx_word' id='word_1_109' title='bbox 946 2242 1183 2293; x_wconf 84' lang='lat' dir='ltr'>unum</span> <span class='ocrx_word' id='word_1_110' title='bbox 1206 2218 1434 2294; x_wconf 83' lang='lat' dir='ltr'>veluti</span> <span class='ocrx_word' id='word_1_111' title='bbox 1459 2241 1738 2323; x_wconf 84' lang='lat' dir='ltr'>corpus</span> <span class='ocrx_word' id='word_1_112' title='bbox 1765 2238 2018 2293; x_wconf 89' lang='lat' dir='ltr'>totum</span> 
     </span>
     <span class='ocr_line' id='line_1_19' title="bbox 164 2322 2022 2437; baseline 0.002 -33"><span class='ocrx_word' id='word_1_113' title='bbox 164 2322 385 2427; x_wconf 87' lang='lat' dir='ltr'>hujus</span> <span class='ocrx_word' id='word_1_114' title='bbox 410 2322 634 2405; x_wconf 83' lang='lat' dir='ltr'>causae</span> <span class='ocrx_word' id='word_1_115' title='bbox 658 2327 1173 2437; x_wconf 72' lang='lat' dir='ltr'>conspestum,</span> <span class='ocrx_word' id='word_1_116' title='bbox 1202 2340 1278 2407; x_wconf 65' lang='grc' dir='ltr'>ὃς</span> <span class='ocrx_word' id='word_1_117' title='bbox 1300 2326 1486 2437; x_wconf 87' lang='lat' dir='ltr'>quid</span> <span class='ocrx_word' id='word_1_118' title='bbox 1517 2334 1792 2436; x_wconf 89' lang='lat' dir='ltr'>cuique</span> <span class='ocrx_word' id='word_1_119' title='bbox 1812 2324 1908 2407; x_wconf 90' lang='lat' dir='ltr'>de</span> <span class='ocrx_word' id='word_1_120' title='bbox 1932 2354 2022 2407; x_wconf 82' lang='lat' dir='ltr'>ea</span> 
     </span>
     <span class='ocr_line' id='line_1_20' title="bbox 164 2436 2021 2552; baseline 0.001 -34"><span class='ocrx_word' id='word_1_121' title='bbox 164 2436 842 2550; x_wconf 87' lang='lat' dir='ltr'>pronunciandum</span> <span class='ocrx_word' id='word_1_122' title='bbox 869 2439 1057 2522; x_wconf 79' lang='lat' dir='ltr'>ess&#39;et</span> <span class='ocrx_word' id='word_1_123' title='bbox 1080 2436 1369 2521; x_wconf 66' lang='lat' dir='ltr'>facilins</span> <span class='ocrx_word' id='word_1_124' title='bbox 1394 2438 1592 2552; x_wconf 88' lang='lat' dir='ltr'>apud</span> <span class='ocrx_word' id='word_1_125' title='bbox 1618 2437 1684 2518; x_wconf 92' lang='lat' dir='ltr'>se</span> <span class='ocrx_word' id='word_1_126' title='bbox 1708 2444 2021 2551; x_wconf 83' lang='lat' dir='ltr'>quisque</span> 
     </span>
     <span class='ocr_line' id='line_1_21' title="bbox 164 2550 2020 2665; baseline 0.003 -34"><span class='ocrx_word' id='word_1_127' title='bbox 164 2550 485 2633; x_wconf 84' lang='lat' dir='ltr'>statuere</span> <span class='ocrx_word' id='word_1_128' title='bbox 517 2550 779 2664; x_wconf 77' lang='lat' dir='ltr'>poss&#39;et.</span> <span class='ocrx_word' id='word_1_129' title='bbox 839 2556 1332 2665; x_wconf 85' lang='lat' dir='ltr'>thuoniam</span> <span class='ocrx_word' id='word_1_130' title='bbox 1372 2580 1453 2636; x_wconf 93' lang='lat' dir='ltr'>te</span> <span class='ocrx_word' id='word_1_131' title='bbox 1479 2611 1499 2647; x_wconf 94' lang='lat'><strong>,</strong></span> <span class='ocrx_word' id='word_1_132' title='bbox 1541 2550 2020 2637; x_wconf 69' lang='lat' dir='ltr'>Sereni&#39;ssime</span> 
     </span>
    </p>
   </div>
   <div class='ocr_carea' id='block_1_2' title="bbox 65 2666 2018 2781">
    <p class='ocr_par' dir='ltr' id='par_1_2' title="bbox 65 2666 2018 2781">
     <span class='ocr_line' id='line_1_22' title="bbox 65 2666 2018 2781; baseline 0.003 -34"><span class='ocrx_word' id='word_1_133' title='bbox 65 2710 82 2720; x_wconf 92' lang='lat'><em>-</em></span> <span class='ocrx_word' id='word_1_134' title='bbox 164 2670 534 2779; x_wconf 86' lang='lat' dir='ltr'>Princeps</span> <span class='ocrx_word' id='word_1_135' title='bbox 583 2726 604 2758; x_wconf 89' lang='lat'>‚</span> <span class='ocrx_word' id='word_1_136' title='bbox 679 2672 963 2750; x_wconf 83' lang='lat' dir='ltr'>arbitro</span> <span class='ocrx_word' id='word_1_137' title='bbox 1008 2682 1082 2749; x_wconf 86' lang='lat'>&amp;</span> <span class='ocrx_word' id='word_1_138' title='bbox 1122 2668 1328 2781; x_wconf 79' lang='lat' dir='ltr'>quasi</span> <span class='ocrx_word' id='word_1_139' title='bbox 1371 2666 1656 2749; x_wconf 85' lang='lat' dir='ltr'>consilii</span> <span class='ocrx_word' id='word_1_140' title='bbox 1701 2666 2018 2753; x_wconf 81' lang='lat' dir='ltr'>Praefide</span> 
     </span>
    </p>
   </div>
   <div class='ocr_carea' id='block_1_3' title="bbox 150 2780 2111 3348">
    <p class='ocr_par' dir='ltr' id='par_1_3' title="bbox 150 2780 2111 3348">
     <span class='ocr_line' id='line_1_23' title="bbox 156 2780 2019 2894; baseline 0 -33"><span class='ocrx_word' id='word_1_141' title='bbox 156 2780 467 2894; x_wconf 83' lang='lat' dir='ltr'>quaestio</span> <span class='ocrx_word' id='word_1_142' title='bbox 496 2780 669 2863; x_wconf 81' lang='lat' dir='ltr'>·haec</span> <span class='ocrx_word' id='word_1_143' title='bbox 714 2784 957 2865; x_wconf 86' lang='lat' dir='ltr'>verbis</span> <span class='ocrx_word' id='word_1_144' title='bbox 1007 2788 1342 2865; x_wconf 84' lang='lat' dir='ltr'>exerceri</span> <span class='ocrx_word' id='word_1_145' title='bbox 1385 2807 1639 2894; x_wconf 86' lang='lat' dir='ltr'>coepta</span> <span class='ocrx_word' id='word_1_146' title='bbox 1684 2780 1835 2873; x_wconf 88' lang='lat' dir='ltr'>est,</span> <span class='ocrx_word' id='word_1_147' title='bbox 1891 2781 2019 2861; x_wconf 88' lang='lat' dir='ltr'>ab-</span> 
     </span>
     <span class='ocr_line' id='line_1_24' title="bbox 154 2888 2020 3006; baseline 0 -29"><span class='ocrx_word' id='word_1_148' title='bbox 154 2894 463 2978; x_wconf 71' lang='lat' dir='ltr'>surdum</span> <span class='ocrx_word' id='word_1_149' title='bbox 496 2888 785 3006; x_wconf 86' lang='lat' dir='ltr'>prorsus</span> <span class='ocrx_word' id='word_1_150' title='bbox 811 2912 884 2979; x_wconf 70' lang='grc' dir='ltr'>δε</span> <span class='ocrx_word' id='word_1_151' title='bbox 914 2892 957 2974; x_wconf 75' lang='grc' dir='ltr'>ὲ</span> <span class='ocrx_word' id='word_1_152' title='bbox 979 2895 1445 3000; x_wconf 87' lang='lat' dir='ltr'>judiciorum</span> <span class='ocrx_word' id='word_1_153' title='bbox 1477 2893 2020 2977; x_wconf 86' lang='lat' dir='ltr'>consuetudine</span> 
     </span>
     <span class='ocr_line' id='line_1_25' title="bbox 151 3004 2111 3120; baseline 0.003 -31"><span class='ocrx_word' id='word_1_154' title='bbox 151 3010 500 3090; x_wconf 80' lang='lat' dir='ltr'>alienum</span> <span class='ocrx_word' id='word_1_155' title='bbox 532 3004 755 3090; x_wconf 86' lang='lat' dir='ltr'>fuerit</span> <span class='ocrx_word' id='word_1_156' title='bbox 781 3070 803 3102; x_wconf 92' lang='lat'>‚</span> <span class='ocrx_word' id='word_1_157' title='bbox 863 3008 912 3089; x_wconf 86' lang='lat' dir='ltr'>fi</span> <span class='ocrx_word' id='word_1_158' title='bbox 935 3007 1373 3092; x_wconf 78' lang='lat' dir='ltr'>eundem&#39;te</span> <span class='ocrx_word' id='word_1_159' title='bbox 1398 3034 1684 3091; x_wconf 81' lang='lat' dir='ltr'>caeterae</span> <span class='ocrx_word' id='word_1_160' title='bbox 1706 3033 2020 3120; x_wconf 89' lang='lat' dir='ltr'>quoque</span> <span class='ocrx_word' id='word_1_161' title='bbox 2105 3082 2111 3095; x_wconf 91' lang='lat'><em>.</em></span> 
     </span>
     <span class='ocr_line' id='line_1_26' title="bbox 153 3117 2014 3237; baseline 0.003 -39"><span class='ocrx_word' id='word_1_162' title='bbox 153 3117 780 3223; x_wconf 67' lang='lat' dir='ltr'>ejusdemjudicii</span> <span class='ocrx_word' id='word_1_163' title='bbox 804 3136 1047 3235; x_wconf 81' lang='lat' dir='ltr'>par&#39;tes</span> <span class='ocrx_word' id='word_1_164' title='bbox 1071 3182 1091 3217; x_wconf 92' lang='lat'>,</span> <span class='ocrx_word' id='word_1_165' title='bbox 1135 3150 1299 3237; x_wconf 79' lang='lat' dir='ltr'>quae</span> <span class='ocrx_word' id='word_1_166' title='bbox 1323 3123 1597 3237; x_wconf 85' lang='lat' dir='ltr'>scripto</span> <span class='ocrx_word' id='word_1_167' title='bbox 1623 3121 2014 3231; x_wconf 74' lang='lat' dir='ltr'>configna-</span> 
     </span>
     <span class='ocr_line' id='line_1_27' title="bbox 150 3230 2016 3348; baseline 0 -31"><span class='ocrx_word' id='word_1_168' title='bbox 150 3262 255 3317; x_wconf 84' lang='lat' dir='ltr'>tae</span> <span class='ocrx_word' id='word_1_169' title='bbox 276 3230 442 3313; x_wconf 89' lang='lat' dir='ltr'>sunt</span> <span class='ocrx_word' id='word_1_170' title='bbox 466 3288 485 3323; x_wconf 89' lang='lat'>,</span> <span class='ocrx_word' id='word_1_171' title='bbox 514 3232 1099 3348; x_wconf 82' lang='lat' dir='ltr'>disceptatorem</span> <span class='ocrx_word' id='word_1_172' title='bbox 1124 3266 1283 3320; x_wconf 88' lang='lat' dir='ltr'>non</span> <span class='ocrx_word' id='word_1_173' title='bbox 1308 3240 1697 3321; x_wconf 85' lang='lat' dir='ltr'>haberent.</span> <span class='ocrx_word' id='word_1_174' title='bbox 1747 3235 2016 3317; x_wconf 85' lang='lat' dir='ltr'>Prodit</span> 
     </span>
    </p>
   </div>
   <div class='ocr_carea' id='block_1_4' title="bbox 19 3348 2018 3577">
    <p class='ocr_par' dir='ltr' id='par_1_4' title="bbox 19 3348 2018 3577">
     <span class='ocr_line' id='line_1_28' title="bbox 19 3348 2018 3465; baseline 0.002 -36"><span class='ocrx_word' id='word_1_175' title='bbox 19 3372 22 3453; x_wconf 62' lang='grc' dir='ltr'><strong>ῇ</strong></span> <span class='ocrx_word' id='word_1_176' title='bbox 146 3358 423 3460; x_wconf 86' lang='lat' dir='ltr'>itaque</span> <span class='ocrx_word' id='word_1_177' title='bbox 481 3348 667 3426; x_wconf 84' lang='lat' dir='ltr'>liber</span> <span class='ocrx_word' id='word_1_178' title='bbox 720 3372 858 3430; x_wconf 91' lang='lat' dir='ltr'>tuo</span> <span class='ocrx_word' id='word_1_179' title='bbox 914 3351 1375 3465; x_wconf 69' lang='lat' dir='ltr'>potissimiim</span> <span class='ocrx_word' id='word_1_180' title='bbox 1428 3352 1824 3465; x_wconf 88' lang='lat' dir='ltr'>inscriptus</span> <span class='ocrx_word' id='word_1_181' title='bbox 1873 3379 2018 3431; x_wconf 91' lang='lat' dir='ltr'>no-</span> 
     </span>
     <span class='ocr_line' id='line_1_29' title="bbox 19 3460 2016 3577; baseline 0.005 -38"><span class='ocrx_word' id='word_1_182' title='bbox 19 3466 22 3527; x_wconf 75' lang='lat'>3</span> <span class='ocrx_word' id='word_1_183' title='bbox 144 3460 374 3547; x_wconf 75' lang='lat' dir='ltr'>m&#39;ine</span> <span class='ocrx_word' id='word_1_184' title='bbox 430 3484 731 3571; x_wconf 81' lang='lat' dir='ltr'>tuaeque</span> <span class='ocrx_word' id='word_1_185' title='bbox 820 3460 1125 3549; x_wconf 85' lang='lat' dir='ltr'>summae</span> <span class='ocrx_word' id='word_1_186' title='bbox 1168 3466 1556 3577; x_wconf 80' lang='lat' dir='ltr'>dignitatis</span> <span class='ocrx_word' id='word_1_187' title='bbox 1607 3462 2016 3574; x_wconf 82' lang='lat' dir='ltr'>splendore</span> 
     </span>
    </p>
   </div>
   <div class='ocr_carea' id='block_1_5' title="bbox 18 3596 25 3643">
    <p class='ocr_par' dir='ltr' id='par_1_5' title="bbox 18 3596 25 3643">
     <span class='ocr_line' id='line_1_30' title="bbox 18 3596 25 3643; baseline 0 0"><span class='ocrx_word' id='word_1_188' title='bbox 18 3596 25 3643; x_wconf 77' lang='grc' dir='ltr'>Ι</span> 
     </span>
    </p>
   </div>
   <div class='ocr_carea' id='block_1_6' title="bbox 144 3577 2016 3691">
    <p class='ocr_par' dir='ltr' id='par_1_6' title="bbox 144 3577 2016 3691">
     <span class='ocr_line' id='line_1_31' title="bbox 144 3577 2016 3691; baseline -0.002 -30"><span class='ocrx_word' id='word_1_189' title='bbox 144 3577 609 3691; x_wconf 85' lang='lat' dir='ltr'>conspicuus</span> <span class='ocrx_word' id='word_1_190' title='bbox 638 3629 661 3665; x_wconf 86' lang='lat'>‚</span> <span class='ocrx_word' id='word_1_191' title='bbox 717 3604 871 3685; x_wconf 91' lang='lat' dir='ltr'>quo</span> <span class='ocrx_word' id='word_1_192' title='bbox 904 3580 1113 3662; x_wconf 82' lang='lat' dir='ltr'>illum</span> <span class='ocrx_word' id='word_1_193' title='bbox 1138 3577 1279 3661; x_wconf 90' lang='lat' dir='ltr'>frui</span> <span class='ocrx_word' id='word_1_194' title='bbox 1306 3595 1382 3663; x_wconf 74' lang='grc' dir='ltr'>δι</span> <span class='ocrx_word' id='word_1_195' title='bbox 1408 3588 1488 3659; x_wconf 89' lang='lat' dir='ltr'>in</span> <span class='ocrx_word' id='word_1_196' title='bbox 1529 3577 2016 3685; x_wconf 66' lang='lat' dir='ltr'>lucefulgen-</span> 
     </span>
    </p>
   </div>
   <div class='ocr_carea' id='block_1_7' title="bbox 18 3688 2018 3803">
    <p class='ocr_par' dir='ltr' id='par_1_7' title="bbox 18 3688 2018 3803">
     <span class='ocr_line' id='line_1_32' title="bbox 18 3688 2018 3803; baseline -0.002 -25"><span class='ocrx_word' id='word_1_197' title='bbox 18 3710 23 3763; x_wconf 61' lang='grc' dir='ltr'>Ι</span> <span class='ocrx_word' id='word_1_198' title='bbox 138 3692 431 3779; x_wconf 81' lang='lat' dir='ltr'>tissima</span> <span class='ocrx_word' id='word_1_199' title='bbox 478 3692 870 3775; x_wconf 82' lang='lat' dir='ltr'>literarum</span> <span class='ocrx_word' id='word_1_200' title='bbox 924 3691 1332 3801; x_wconf 87' lang='lat' dir='ltr'>gloriosum</span> <span class='ocrx_word' id='word_1_201' title='bbox 1380 3688 1798 3789; x_wconf 87' lang='lat' dir='ltr'>incedere,</span> <span class='ocrx_word' id='word_1_202' title='bbox 1849 3718 2018 3803; x_wconf 71' lang='lat' dir='ltr'>quae</span> 
     </span>
    </p>
   </div>
   <div class='ocr_carea' id='block_1_8' title="bbox 19 3946 27 3997">
    <p class='ocr_par' dir='ltr' id='par_1_8' title="bbox 19 3946 27 3997">
     <span class='ocr_line' id='line_1_33' title="bbox 19 3946 27 3997; baseline 0 0"><span class='ocrx_word' id='word_1_203' title='bbox 19 3946 27 3997; x_wconf 64' lang='lat' dir='ltr'>&#39;b</span> 
     </span>
    </p>
   </div>
   <div class='ocr_carea' id='block_1_9' title="bbox 1158 3805 2022 3915">
    <p class='ocr_par' dir='ltr' id='par_1_9' title="bbox 1158 3805 2022 3915">
     <span class='ocr_line' id='line_1_34' title="bbox 1158 3805 2022 3915; baseline 0.008 -30"><span class='ocrx_word' id='word_1_204' title='bbox 1158 3805 1235 3885; x_wconf 87' lang='lat' dir='ltr'>A</span> <span class='ocrx_word' id='word_1_205' title='bbox 1272 3838 1348 3915; x_wconf 54' lang='lat'>3³</span> <span class='ocrx_word' id='word_1_206' title='bbox 1885 3828 2022 3894; x_wconf 79' lang='lat' dir='ltr'>tua</span> 
     </span>
    </p>
   </div>
  </div>
 </body>
</html>
