2634 4509
671 260 864 385 An
1012 309 1929 385 LECTOREM

303 445 488 523 quot
510 424 577 496 in
599 421 735 500 hoc
759 425 1102 523 Scriptore
1116 422 1451 524 supersunt
1472 482 1495 514 ,
1535 452 1687 499 cum
1708 450 1952 501 novem
1970 426 2109 500 aliis
2144 425 2284 499 edi-

297 521 598 596 tionibus
621 577 642 610 ,
693 528 769 593 &
789 520 963 595 binis
979 526 1173 597 MSis
1195 525 1509 604 nimirum
1527 529 1669 598 Iani
1688 525 1935 599 Dousae
1958 580 1981 613 ‚
2020 531 2097 597 &
2115 529 2279 597 MS.

297 618 722 720 Tragurienfi
741 626 1080 723 yet.partis
1101 626 1316 721 Satyr.
1341 622 1740 722 contuli‚qui
1758 623 2027 703 codices
2045 628 2285 695 memi-

299 725 376 791 ni
397 744 633 791 omnes
651 744 780 791 una
797 723 942 791 vice
959 725 1312 808 variarunt,
1336 721 1476 795 aliis
1494 720 1649 793 alias
1713 720 1988 811 Iuribus,
2008 726 2283 821 paucio-

303 816 492 889 ribus
519 815 1040 898 consonantibsss
1061 872 1086 905 ‚
1119 818 1485 891 lectionum
1532 844 1616 901 ue
1706 818 2090 903 'verfitatem
2125 820 2284 893 dili-

303 936 539 1017 genter
559 920 630 988 in
650 918 868 989 Notis
909 914 1286 1015 consignavi
1304 939 1379 988 ut
1400 924 1499 989 Le
1565 942 1650 989 or
1686 917 1873 1017 quod
1910 915 2284 1017 sequeretur
2322 962 2333 972 ·

298 1016 597 1115 eligeret.
647 1015 997 1085 Editioncs
1031 1036 1256 1086 autem
1293 1014 1422 1087 iuae
1480 1022 1515 1088 1
1534 1021 1601 1088 Χ
1670 1014 1773 1088 hae
1831 1011 2013 1089 sunt:
2064 1027 2284 1097 Ioannis

303 1111 914 1210 Tornaefiilugdunerfis
947 1116 1034 1187 A.
1065 1140 1094 1183 1
1113 1137 1269 1209 575.
1317 1119 1442 1186 Iani
1478 1114 1656 1207 Doufie
1685 1115 2282 1211 Batavo-[agaunum

307 1216 400 1287 A.
449 1211 656 1307 1583.
701 1216 916 1285 loannis
955 1208 1002 1293 ὲ,
1037 1224 1392 1287 Wouweren
1430 1216 1651 1307 Luretiis
1685 1215 1919 1306 impreffiz
1956 1218 2043 1293 A.
2076 1221 2283 1284 1601.
2428 1210 2437 1218 ’

301 1307 535 1405 eiusdem
551 1308 794 1405 Lugduni
807 1312 867 1381 in
883 1314 1104 1383 Batavis
1119 1314 1204 1381 A.
1231 1336 1262 1380 1
1277 1316 1369 1391 62
1384 1336 1439 1408 3.
1486 1314 1919 1403 Helenopolitma
1932 1307 2063 1409 typis
2080 1312 2283 1383 schon-

305 1410 652 1481 maianis
691 1407 1038 1505 cashgationis
1072 1408 1312 1505 exssimo
1349 1412 1555 1505 Georgii
1588 1410 1815 1481 erhardi
1850 1461 1872 1490 ,
1938 1412 2021 1481 A.
2067 1435 2098 1479 1
2114 1414 2197 1479 61
2211 1436 2285 1481 0.

304 1507 510 1580 Eadem
515 1505 610 1599 sed
623 1503 908 1599 dqmb
925 1510 1128 1579 maior
1143 1508 1222 1585 (θ’
1231 1512 1563 1580 emendmior
1576 1510 1815 1605 Lugduni
1830 1510 1888 1577 in
1905 1508 2091 1577 Galliis
2108 1506 2284 1599 recusa

304 1600 348 1677 ἃ
383 1606 550 1676 Paulo
595 1606 798 1675 freuon
845 1608 928 1677 A.
976 1632 1007 1676 1
1023 1610 1107 1677 61
1125 1629 1188 1701 ς.
1237 1610 1455 1679 Ioannis
1500 1610 1645 1677 Petri
1688 1608 1906 1677 Lotichii
1948 1606 2287 1699 Francofimi

313 1706 402 1782 A.
429 1707 643 1793 1629.
697 1707 912 1799 Rus'geri
947 1707 1320 1775 Hermannidae.
1362 1728 1490 1775 cum
1526 1706 1687 1775 Notis
1724 1704 2041 1775 Bomdelotii
2073 1702 2284 1794 Amste-
2350 1746 2357 1755 -

309 1800 514 1871 loanni
559 1804 644 1875 A.
671 1803 878 1896 1663.
926 1803 1345 1895 Deniqueeditio
1367 1802 1645 1871 Gabbemae
1670 1801 1956 1894 posterior,
1982 1799 2080 1892 seu
2107 1796 2283 1892 parfia

303 1901 420 1975 eius
438 1896 818 1993 fragmentum
869 1896 1040 1991 (opus
1074 1900 1222 1967 enim
1255 1921 1369 1966 mn
1404 1896 1831 1989 consummatum
1866 1900 1895 1990 )
1953 1900 2142 1967 incerti
2172 1922 2285 1967 an·-

303 1998 405 2077 ni,
455 2018 656 2101 quam
691 2019 820 2069 nos
855 1990 1061 2065 iecuti
1097 1998 1389 2093 priorem
1426 2016 1664 2093 nempe
1700 1996 1837 2077 eius
1872 1992 2236 2065 editionem
2258 2048 2284 2082 ‚

306 2118 378 2165 ea
413 2094 686 2175 anniferat
731 2118 762 2162 1
778 2099 923 2184 654
944 2144 967 2177 ‚
1001 2090 1271 2190 Vltrq'ec‘l‘i
1287 2092 1361 2162 ad
1376 2094 1622 2163 Rhenum
1640 2112 2009 2188 procurata.
2062 2098 2285 2163 Inter-

311 2209 532 2287 pretes
548 2184 996 2286 subjunximus
1013 2193 1228 2261 textui
1247 2186 1579 2289 utriusque
1600 2193 1978 2287 Fragmenti
1994 2193 2279 2294 ‘veteris

317 2294 396 2358 &
420 2286 660 2357 Coenae
679 2286 1220 2376 Trimalchionis,
1239 2282 1581 2389 quotquot
1599 2283 1740 2359 fere
1760 2286 2011 2359 exstant
2036 2340 2057 2374 ,
2097 2288 2281 2360 certe

313 2404 661 2501 quotquot
677 2382 902 2457 haberi
921 2408 1228 2483 poterant
1251 2441 1272 2474 ,
1299 2410 1591 2485 quorum
1608 2388 1882 2455 nomina
1896 2410 2061 2455 mox
2082 2407 2283 2481 pecu-

309 2484 488 2557 haris
512 2478 750 2555 tabella
766 2481 944 2570 edet,
963 2490 1040 2555 δε
1060 2484 1331 2585 quidem
1350 2490 1748 2582 Fragmento
1768 2507 1980 2555 coenae
1997 2483 2289 2555 Trimal-

313 2582 568 2654 chianae
601 2584 898 2679 integros
929 2577 1080 2654 suos
1115 2580 1503 2655 donavimus
1543 2586 1929 2681 interpretes
1952 2636 1974 2668 ,
2026 2578 2285 2679 insuper

315 2683 540 2754 MSos
573 2678 936 2751 Dalmatici
958 2733 979 2767 ‚
1031 2686 1108 2751 δε
1148 2680 1363 2754 Italici
1403 2678 1562 2752 coeli
1604 2678 1832 2754 Roma
1872 2678 2116 2755 miffos.
2185 2683 2282 2751 At

312 2778 636 2876 quoniam
669 2776 1146 2874 Interpretibus
1185 2778 1392 2853 multa
1414 2783 1649 2850 Graeca
1666 2776 2015 2851 admiscere
2034 2774 2238 2851 visum
2258 2829 2279 2859 ‚

315 2900 468 2973 quae
505 2874 590 2947 ali
639 2874 858 2945 uando
893 2900 1035 2949 rem
1071 2875 1414 2951 absolvunt
1454 2880 1531 2946 δε
1600 2879 1913 2949 Latinum
1964 2875 2284 2947 le&orem

313 2978 580 3046 inanem
647 2977 943 3050 imittunt
966 3028 988 3061 ,
1024 2972 1180 3047 dedi
1196 3000 1466 3073 operam
1500 2992 1575 3045 ut
1592 2971 1641 3044 fi
1676 2972 1875 3043 νόνναι
1916 2972 2285 3065 (cantilenae

316 3069 467 3144 sunt
485 3069 728 3170 quibfis
768 3075 1055 3144 nutrices
1073 3077 1287 3172 pueris
1315 3070 1789 3165 blandiuntur)
1846 3068 2086 3143 alicubi
2106 3075 2285 3140 exci-

322 3173 460 3269 pias
499 3172 612 3243 vix
650 3168 858 3243 ullum
895 3169 1170 3243 verbum
1209 3175 1280 3241 in
1319 3172 1643 3257 Petronio
1681 3188 1986 3242 occurrat
2010 3221 2032 3254 ,
2098 3166 2287 3265 quod

323 3292 468 3337 non
504 3292 742 3340 vocem
779 3292 949 3354 voce
985 3290 1098 3341 aut
1150 3266 1401 3357 sensum
1437 3262 1615 3340 lensu
1655 3264 1995 3339 reddendo
2034 3270 2102 3335 in
2150 3270 2288 3392 fa·-

326 3368 544 3437 tinum
559 3364 997 3438 transtulerim
1037 3364 1254 3465 prorsa
1271 3374 1349 3441 &
1390 3356 1576 3440 vorffl
1600 3418 1620 3452 ‚
1669 3363 1822 3437 eod.
1847 3367 2149 3435 carminis
2167 3387 2291 3461 ge·-

325 3486 482 3533 nere
503 3516 526 3548 ,
571 3461 684 3535 sed
700 3489 924 3536 meum
963 3468 1617 3563 interpretamentum
1636 3460 1685 3533 fi
1702 3472 1707 3479 '
1727 3468 1961 3534 Graeca
1982 3461 2089 3531 illa
2126 3462 2288 3531 alius

325 3556 576 3647 adferat
616 3615 642 3649 ‚
707 3560 920 3633 ubivis
981 3562 1343 3661 parenthesi
1400 3562 1599 3661 idque
1655 3558 1929 3631 diversis
1968 3580 1997 3629 t
2045 3564 2145 3657 pis
2186 3562 2289 3627 in·-

327 3654 577 3731 clusum
600 3712 624 3745 ,
661 3683 744 3731 ne
781 3658 1126 3759 scriptores
1169 3658 1733 3734 confunderentur
1756 3709 1777 3744 ‚
1826 3682 1965 3756 quo
2044 3655 2291 3754 ubique

325 3754 586 3837 sedulus
623 3780 924 3856 praecavl.
995 3758 1297 3837 Iudicem
1333 3764 1534 3832 etiam
1572 3754 1838 3854 vestigia
1872 3752 2131 3925 ίὲειιῑέε
2146 3752 2289 3921 hig..

1071 3878 1078 3887 ’
1331 3910 1369 3951 ιιι
1392 3910 1429 3949 ιιι
1480 3878 1533 3952 4
2109 3876 2143 3922 C
2258 3890 2292 3941 ··.
