2634 4509
1990 200 2074 273 41

225 289 346 374 hey
363 288 478 371 bey
506 282 776 372 quotidie
809 282 972 370 peius
1012 282 1120 348 hec
1157 282 1395 351 colonia
1414 332 1433 360 ,
1474 286 1833 366 retrouersus
1865 289 2080 352 crescit

225 388 500 456 tanquam
529 374 688 435 coda
722 369 910 432 uituli.
963 366 1083 431 Sed
1121 390 1304 451 quare
1340 390 1459 433 non
1497 370 1784 443 habemus
1815 370 2073 433 aedilem

225 457 410 519 trium
430 454 788 517 cauniarum.
825 453 925 536 qui
959 450 1062 515 fibi
1098 454 1320 515 mauult
1338 451 1511 514 assem
1545 464 1721 535 quam
1756 458 1941 515 uitam
1960 470 2075 515 uo·

223 538 416 602 stram.
463 540 660 620 itaque
675 536 846 597 domi
879 532 1100 617 gaudet
1121 582 1138 607 ,
1179 534 1307 618 plus
1325 537 1383 597 in
1401 532 1501 597 die
1524 555 1902 599 nummorum
1922 532 2079 596 acci·

226 623 316 705 pit
336 667 354 693 ,
435 638 566 680 uam
599 618 750 680 alter
769 618 1191 698 patrimonium
1211 617 1410 681 habet.
1450 617 1577 680 lam
1598 618 1720 681 scio
1736 618 1891 681 'unde
1908 634 2065 679 acce·
2098 636 2135 707 5

223 702 377 790 perit
391 641 670 764 denarios
689 700 852 763 mille
869 718 1104 761 aureos.
1141 698 1238 759 sed
1256 699 1296 762 fi
1315 718 1426 761 nos
1442 700 1654 761 coleos
1675 700 2025 767 haberemus
2046 744 2067 771 ‚

225 804 344 847 non
362 798 592 845 tantum
610 780 714 845 fibi
733 781 1009 864 placeret.
1053 780 1233 844 Nunc
1254 780 1511 865 populus
1548 781 1629 843 est
1663 783 1835 846 domi
1852 782 2075 847 leones.

221 865 388 937 foras
405 866 630 945 uulpes.
723 865 846 925 uod
866 862 942 925 ad
963 881 1064 926 me
1093 863 1303 926 attinet
1338 866 1460 929 iam
1497 883 1722 947 pannos
1759 885 1929 935 meos
1961 878 2071 925 co-

221 950 412 1013 medi.
447 948 510 1009 &
530 946 569 1009 fi
589 964 694 1029 per
717 958 920 1007 euerat
959 946 1068 1006 hec
1105 963 1333 1006 annona
1368 945 1595 1008 casulas
1614 966 1778 1009 meas
1798 948 2075 1010 uendam.

222 1030 392 1107 Quid
413 1031 571 1093 enim
591 1028 860 1093 futurum
879 1026 960 1089 est
979 1026 1020 1090 fi
1037 1046 1142 1088 nec
1161 1016 1244 1106 dij
1277 1045 1388 1089 nec
1406 1028 1675 1090 homines
1691 1030 1815 1091 eius
1832 1031 2081 1092 colonie
2097 1046 2177 1095 10

222 1112 584 1177 miserentur.
601 1113 686 1175 ita
705 1128 878 1173 meos
899 1110 1178 1173 fruniscar
1196 1128 1262 1171 ut
1279 1126 1397 1192 ego
1413 1126 1563 1193 puto
1582 1113 1781 1174 omnia
1800 1114 1895 1174 illa
1914 1110 2077 1173 aedi·

215 1196 370 1260 libus
389 1194 532 1257 fleri.
568 1213 750 1257 nemo
765 1194 924 1257 enim
943 1193 1132 1254 celum
1149 1192 1345 1255 celum
1368 1208 1547 1275 putat.
1586 1213 1764 1257 nemo
1796 1196 2073 1257 ieiunium

217 1277 432 1341 seruat.
469 1295 648 1340 nemo
668 1277 866 1339 iouem
905 1274 1006 1357 pili
1025 1273 1189 1337 facit.
1235 1274 1336 1336 sed
1375 1292 1586 1337 omnes
1623 1280 1848 1359 opertis
1885 1276 2078 1337 oculis

217 1362 381 1425 bona
397 1358 496 1422 sua
513 1374 884 1442 computant.
917 1374 1085 1421 antea
1105 1357 1311 1419 stolate
1338 1356 1504 1421 ibant
1540 1360 1713 1423 nudis
1746 1354 2073 1442 pedibusin

217 1444 466 1507 cliuum.
502 1430 677 1522 paflis
697 1441 924 1523 capillis
946 1486 964 1512 ,
1002 1440 1299 1503 mentibus
1334 1441 1513 1521 puris.
1556 1441 1621 1502 &
1638 1441 1837 1519 jouem
1858 1460 2068 1525 aquam
2100 1448 2180 1519 15

216 1524 547 1588 exorabant
565 1570 582 1597 ‚
603 1525 796 1606 itaque
810 1522 998 1585 statim
1021 1524 1302 1585 urceatim
1320 1522 1606 1605 plouebat
1620 1570 1637 1597 ,
1658 1541 1759 1585 aut
1779 1542 1938 1586 tunc.
1974 1539 2078 1585 aut

215 1626 539 1693 nunquam.
577 1606 642 1668 &
662 1622 873 1668 omnes
890 1604 1184 1669 ridebant.
1223 1620 1290 1665 ut
1307 1606 1389 1683 dij
1407 1624 1683 1687 tanquam
1706 1622 1927 1669 mures.
1966 1608 2075 1668 ita·

215 1708 330 1775 que
347 1688 432 1752 dii
453 1688 636 1773 pedes
649 1687 878 1751 lanatos
897 1686 1114 1749 babent
1133 1733 1150 1758 ‚
1165 1687 1300 1769 quia
1315 1706 1427 1750 nos
1444 1686 1691 1769 religiosi
1712 1708 1831 1751 non
1848 1686 1885 1750 s
1881 1706 2073 1749 umus.

212 1771 340 1857 agri
358 1771 573 1835 iacent.
613 1768 756 1833 Oro
775 1784 836 1829 te
853 1770 1041 1852 inquit
1071 1772 1284 1833 echion
1323 1772 1695 1833 centonarius
1729 1768 1937 1831 melius
1976 1768 2071 1831 lo·
2166 1827 2171 1835 .

211 1872 416 1939 quere.
434 1852 630 1915 modo
645 1851 722 1914 fic
739 1854 936 1915 modo
953 1851 1029 1915 sic
1047 1852 1257 1934 inquit.
1278 1850 1549 1915 Rusticus
1569 1856 1793 1917 uarium
1815 1870 2067 1935 porcum
2088 1868 2178 1917 ιο

213 1937 584 2021 perdiderat.
621 1936 783 2017 quod
805 1934 989 1998 hodie
1009 1954 1127 1996 non
1147 1933 1227 1995 est
1243 1954 1377 1999 cras
1395 1936 1529 1998 erit.
1554 1934 1629 1999 fic
1650 1938 1773 1997 uita
1792 1936 2067 1997 truditur.

213 2040 335 2085 non
355 2036 454 2081 me
473 2018 738 2080 hercules
768 2016 954 2099 patria
973 2018 1191 2080 melior
1209 2018 1331 2080 dici
1350 2018 1538 2102 potest
1561 2066 1578 2091 ‚
1618 2018 1659 2081 fi
1680 2018 1947 2081 homines
1970 2014 2075 2079 ha-

211 2102 408 2165 beret.
425 2098 520 2161 sed
539 2100 779 2163 laborat
797 2100 914 2161 hoc
933 2115 1226 2181 tempore.
1251 2119 1361 2163 nec
1382 2102 1493 2163 hec
1512 2101 1627 2163 sua.
1644 2121 1762 2163 non
1782 2102 2069 2163 debemus

210 2184 452 2248 delicati
483 2180 614 2247 esse.
655 2181 873 2265 ubique
910 2182 1140 2245 medius
1159 2182 1349 2246 caelus
1370 2181 1471 2247 est.
1517 2200 1583 2245 tu
1599 2183 1635 2247 fi
1656 2182 1874 2247 alicubi
1894 2181 2069 2245 fueris

211 2267 380 2329 dices
397 2267 492 2329 hic
512 2283 736 2347 porcos
759 2264 968 2327 coctos
990 2265 1318 2329 ambulare.
1356 2266 1423 2331 δε
1440 2284 1583 2329 ecce
1603 2266 1851 2330 babituri
1872 2265 2065 2326 sumus
2086 2274 2169 2345 25

210 2367 428 2413 munus
444 2348 770 2410 excellente
785 2349 938 2411 inter
953 2348 1080 2410 duo
1097 2350 1197 2411 die
1217 2346 1355 2411 festa
1376 2395 1395 2423 ‚
1416 2346 1639 2413 familia
1658 2368 1778 2411 non
1797 2346 2069 2411 lanisticia

210 2432 311 2493 sed
334 2430 568 2509 plurimi
589 2430 806 2493 liberti.
843 2432 909 2493 &
927 2430 1070 2493 titus
1091 2428 1284 2493 noster
1301 2450 1585 2513 magnum
1602 2428 2070 2495 animum'habet

210 2512 372 2577 &est
391 2510 858 2575 caldicerebrius
893 2528 996 2575 aut
1020 2512 1146 2593 ‚hoc
1182 2530 1285 2575 aut
1319 2512 1469 2577 illud
1503 2514 1618 2577 erit
1650 2512 1812 2596 quod
1842 2514 2067 2595 utique.

205 2616 346 2661 nam
366 2594 450 2657 illi
467 2592 828 2667 domesticus
846 2594 877 2657 s
871 2614 992 2669 um,
1013 2614 1132 2657 non
1150 2594 1230 2657 est
1250 2596 1500 2659 mixcix.
1520 2594 1745 2659 fertum
1764 2597 2063 2679 optimum

206 2678 452 2741 daturus
469 2674 546 2739 est
565 2674 680 2740 fine
701 2676 830 2739 fuca
851 2679 1184 2741 carnarium
1221 2678 1282 2741 in
1311 2680 1520 2741 medio
1540 2694 1607 2740 ut
1624 2678 2065 2759 ampliteatrum
2090 2688 2171 2757 30

206 2760 426 2824 uideat.
471 2759 538 2820 δε
557 2761 730 2821 habet
753 2760 908 2821 unde
930 2806 946 2832 ,
985 2760 1251 2823 relietum
1285 2758 1457 2823 estilli
1476 2760 1824 2824 sextertium
1852 2763 2067 2823 tricen-

205 2846 330 2908 cies
353 2891 370 2919 ,
409 2840 651 2905 deceffit
685 2843 846 2905 illius
865 2858 1032 2924 pater
1052 2842 1242 2914 male,
1287 2858 1354 2903 ut
1388 2843 1818 2925 quadringenta
1837 2844 2071 2925 impen-

202 2928 312 2989 dat
331 2974 349 2997 ‚
393 2946 513 2989 non
532 2924 734 2988 sentiet
750 2926 1172 3007 patrimonium
1191 2924 1367 2985 illius.
1404 2925 1473 2986 δι
1493 2926 1607 2987 sem
1654 2926 1845 2987 iteruo
1877 2922 2069 2987 nomi-

203 3009 465 3070 nabitur.
505 3008 626 3071 iarn
647 3010 876 3073 manius
895 3008 1124 3089 aliquot
1143 3003 1323 3069 habet
1343 3051 1360 3079 ,
1407 3007 1476 3070 &
1511 3026 1613 3069 mu
1636 3007 1820 3069 ierem
1863 3003 2067 3065 eseda·

202 3090 352 3152 riam
382 3135 398 3160 ,
442 3090 508 3151 δι
525 3088 982 3174 dispensatorem
1003 3090 1256 3173 gliconis
1291 3089 1392 3170 qui
1410 3087 1805 3170 deprehensus
1823 3086 1907 3151 est
1921 3104 2059 3149 cum
2086 3102 2167 3179 35

201 3169 512 3233 dominam
535 3172 695 3235 suam
738 3172 1150 3237 delectaretur.
1205 3170 1435 3233 uidebis
1472 3172 1673 3255 populi
1692 3173 1883 3234 rixam
1905 3171 2059 3232 inter

201 3252 498 3334 zelotipos
531 3253 598 3315 δε
629 3255 1095 3319 amaafiunculos
1131 3302 1150 3328 ‚
1205 3253 1387 3321 Glico
1424 3271 1627 3319 autem
1664 3252 2061 3317 serterciarius

201 3338 392 3397 homo
426 3332 888 3417 dispensatorem
913 3337 990 3400 ad
1019 3334 1230 3401 bestias
1267 3335 1457 3401 dedit.
1508 3340 1624 3402 hoc
1661 3335 1743 3400 est
1778 3336 1835 3397 se
1872 3333 2061 3418 ipsum

199 3417 516 3481 traducere.
533 3416 674 3497 quid
699 3417 897 3479 seruus
914 3420 1184 3497 peccauit
1202 3419 1299 3503 qui
1317 3420 1563 3484 coactus
1580 3420 1659 3481 est
1680 3420 1871 3481 facere
1887 3422 1915 3481 ?
1932 3437 2064 3481 ma-

197 3501 292 3581 gis
310 3498 404 3560 illa
423 3498 660 3561 matella
677 3500 858 3575 digna
877 3498 996 3560 fuit
1017 3544 1036 3572 ,
1077 3520 1258 3583 quam
1277 3520 1479 3577 taurus
1500 3502 1761 3565 iaaaret.
1800 3499 1836 3561 s
1826 3502 1901 3563 ed
1921 3501 2057 3582 quia

200 3582 379 3645 finum
400 3600 516 3644 non
531 3579 722 3677 potest
742 3579 982 3641 stratum
1002 3583 1184 3643 cedit.
1215 3582 1357 3663 quid
1378 3600 1572 3645 nutem
1632 3584 1790 3644 licon
1812 3580 2059 3666 putabat

198 3666 577 3751 hermogenis
593 3660 808 3727 filicem
831 3680 1082 3745 uuquam
1103 3662 1335 3811 bof'um
1350 3666 1585 3741 exitum
1625 3662 1911 3731 asturam.
1951 3664 2058 3809 ¹ille

1277 3801 1286 3813 .
1861 3768 1941 3809 mi
1973 3766 2051 3809 uo
