<?xml version="1.0" encoding="UTF-8"?>
<!DOCTYPE html PUBLIC "-//W3C//DTD XHTML 1.0 Transitional//EN"
    "http://www.w3.org/TR/xhtml1/DTD/xhtml1-transitional.dtd">
<html xmlns="http://www.w3.org/1999/xhtml" xml:lang="en" lang="en">
 <head>
  <title>
</title>
<meta http-equiv="Content-Type" content="text/html;charset=utf-8" />
  <meta name='ocr-system' content='tesseract 3.04.00' />
  <meta name='ocr-capabilities' content='ocr_page ocr_carea ocr_par ocr_line ocrx_word'/>
</head>
<body>
  <div class='ocr_page' id='page_1' title='image "./titipetroniiarb00hooggoog_0985.png"; bbox 0 0 2634 4509; ppageno 0'>
   <div class='ocr_carea' id='block_1_1' title="bbox 701 294 2215 395">
    <p class='ocr_par' dir='ltr' id='par_1_1' title="bbox 701 294 2215 395">
     <span class='ocr_line' id='line_1_1' title="bbox 701 294 2215 395; baseline 0.004 -35"><span class='ocrx_word' id='word_1_1' title='bbox 701 294 1721 366; x_wconf 73' lang='lat' dir='ltr'>APoLoc1A.</span> <span class='ocrx_word' id='word_1_2' title='bbox 2166 326 2215 395; x_wconf 74' lang='lat'>,-</span> 
     </span>
    </p>
   </div>
   <div class='ocr_carea' id='block_1_2' title="bbox 211 397 2207 2292">
    <p class='ocr_par' dir='ltr' id='par_1_2' title="bbox 215 397 2207 1223">
     <span class='ocr_line' id='line_1_2' title="bbox 219 397 2202 487; baseline 0.002 -22"><span class='ocrx_word' id='word_1_3' title='bbox 219 400 406 465; x_wconf 86' lang='lat' dir='ltr'>etiam</span> <span class='ocrx_word' id='word_1_4' title='bbox 426 397 694 463; x_wconf 87' lang='lat' dir='ltr'>omnium</span> <span class='ocrx_word' id='word_1_5' title='bbox 715 398 1195 484; x_wconf 72' lang='lat' dir='ltr'>transalpinarum</span> <span class='ocrx_word' id='word_1_6' title='bbox 1231 402 1879 487; x_wconf 85' lang='lat' dir='ltr'>transmarinarumque</span> <span class='ocrx_word' id='word_1_7' title='bbox 1888 406 2155 487; x_wconf 85' lang='lat' dir='ltr'>gentium</span> <span class='ocrx_word' id='word_1_8' title='bbox 2182 452 2202 481; x_wconf 85' lang='lat'><strong>,</strong></span> 
     </span>
     <span class='ocr_line' id='line_1_3' title="bbox 218 482 2203 567; baseline 0.003 -22"><span class='ocrx_word' id='word_1_9' title='bbox 218 502 292 545; x_wconf 87' lang='lat' dir='ltr'>ac</span> <span class='ocrx_word' id='word_1_10' title='bbox 313 484 600 567; x_wconf 72' lang='lat' dir='ltr'>praecipue</span> <span class='ocrx_word' id='word_1_11' title='bbox 634 482 874 547; x_wconf 82' lang='lat' dir='ltr'>curiosae</span> <span class='ocrx_word' id='word_1_12' title='bbox 909 482 1246 563; x_wconf 85' lang='lat' dir='ltr'>hujusmodi</span> <span class='ocrx_word' id='word_1_13' title='bbox 1265 485 1691 567; x_wconf 77' lang='lat' dir='ltr'>elegantiarum</span> <span class='ocrx_word' id='word_1_14' title='bbox 1712 486 1956 552; x_wconf 80' lang='lat' dir='ltr'>Gallicae</span> <span class='ocrx_word' id='word_1_15' title='bbox 1972 486 2203 553; x_wconf 74' lang='lat' dir='ltr'>Natio-n</span> 
     </span>
     <span class='ocr_line' id='line_1_4' title="bbox 220 565 2207 653; baseline 0.004 -25"><span class='ocrx_word' id='word_1_16' title='bbox 220 568 310 628; x_wconf 87' lang='lat' dir='ltr'>nis</span> <span class='ocrx_word' id='word_1_17' title='bbox 330 610 349 638; x_wconf 89' lang='lat'>‚</span> <span class='ocrx_word' id='word_1_18' title='bbox 387 568 490 647; x_wconf 87' lang='lat' dir='ltr'>qui</span> <span class='ocrx_word' id='word_1_19' title='bbox 505 565 782 627; x_wconf 81' lang='lat' dir='ltr'>codicem</span> <span class='ocrx_word' id='word_1_20' title='bbox 801 566 860 627; x_wconf 93' lang='lat' dir='ltr'>in</span> <span class='ocrx_word' id='word_1_21' title='bbox 878 566 1020 629; x_wconf 91' lang='lat' dir='ltr'>loco</span> <span class='ocrx_word' id='word_1_22' title='bbox 1037 566 1260 629; x_wconf 84' lang='lat' dir='ltr'>celebri</span> <span class='ocrx_word' id='word_1_23' title='bbox 1279 568 1359 629; x_wconf 90' lang='lat' dir='ltr'>ad</span> <span class='ocrx_word' id='word_1_24' title='bbox 1382 570 1497 629; x_wconf 88' lang='lat' dir='ltr'>hoc</span> <span class='ocrx_word' id='word_1_25' title='bbox 1517 568 1706 649; x_wconf 88' lang='lat' dir='ltr'>ipsum</span> <span class='ocrx_word' id='word_1_26' title='bbox 1727 569 2093 653; x_wconf 76' lang='lat' dir='ltr'>propositum</span> <span class='ocrx_word' id='word_1_27' title='bbox 2111 572 2207 635; x_wconf 81' lang='lat' dir='ltr'>iu·-</span> 
     </span>
     <span class='ocr_line' id='line_1_5' title="bbox 217 646 2199 744; baseline 0.004 -35"><span class='ocrx_word' id='word_1_28' title='bbox 217 646 464 733; x_wconf 79' lang='lat' dir='ltr'>spexere</span> <span class='ocrx_word' id='word_1_29' title='bbox 483 694 500 719; x_wconf 90' lang='lat'>,</span> <span class='ocrx_word' id='word_1_30' title='bbox 523 651 640 731; x_wconf 83' lang='lat' dir='ltr'>&#39;qui</span> <span class='ocrx_word' id='word_1_31' title='bbox 659 647 906 731; x_wconf 76' lang='lat' dir='ltr'>singulas</span> <span class='ocrx_word' id='word_1_32' title='bbox 924 650 1049 724; x_wconf 83' lang='lat' dir='ltr'>ejus</span> <span class='ocrx_word' id='word_1_33' title='bbox 1068 648 1308 732; x_wconf 77' lang='lat' dir='ltr'>paginas</span> <span class='ocrx_word' id='word_1_34' title='bbox 1330 694 1349 721; x_wconf 91' lang='lat'>,</span> <span class='ocrx_word' id='word_1_35' title='bbox 1390 646 1641 744; x_wconf 66' lang='lat' dir='ltr'>singulas</span> <span class='ocrx_word' id='word_1_36' title='bbox 1674 652 1855 715; x_wconf 87' lang='lat' dir='ltr'>lineas</span> <span class='ocrx_word' id='word_1_37' title='bbox 1877 671 1983 735; x_wconf 89' lang='lat' dir='ltr'>per</span> <span class='ocrx_word' id='word_1_38' title='bbox 1998 655 2199 717; x_wconf 88' lang='lat' dir='ltr'>otium</span> 
     </span>
     <span class='ocr_line' id='line_1_6' title="bbox 217 728 2201 818; baseline 0.004 -26"><span class='ocrx_word' id='word_1_39' title='bbox 217 728 606 813; x_wconf 88' lang='lat' dir='ltr'>contemplati</span> <span class='ocrx_word' id='word_1_40' title='bbox 627 730 754 791; x_wconf 86' lang='lat' dir='ltr'>sunt</span> <span class='ocrx_word' id='word_1_41' title='bbox 773 778 788 802; x_wconf 90' lang='lat'><strong>,</strong></span> <span class='ocrx_word' id='word_1_42' title='bbox 815 732 914 814; x_wconf 93' lang='lat' dir='ltr'>qui</span> <span class='ocrx_word' id='word_1_43' title='bbox 933 734 992 793; x_wconf 87' lang='lat' dir='ltr'>in</span> <span class='ocrx_word' id='word_1_44' title='bbox 1011 732 1136 805; x_wconf 78' lang='lat' dir='ltr'>eius</span> <span class='ocrx_word' id='word_1_45' title='bbox 1153 734 1372 811; x_wconf 79' lang='lat' dir='ltr'>apices,</span> <span class='ocrx_word' id='word_1_46' title='bbox 1391 733 1568 812; x_wconf 75' lang='lat' dir='ltr'>quiin</span> <span class='ocrx_word' id='word_1_47' title='bbox 1589 734 1847 807; x_wconf 72' lang='lat' dir='ltr'>chartaS,</span> <span class='ocrx_word' id='word_1_48' title='bbox 1870 737 1971 818; x_wconf 87' lang='lat' dir='ltr'>qui</span> <span class='ocrx_word' id='word_1_49' title='bbox 1990 736 2051 798; x_wconf 86' lang='lat' dir='ltr'>in</span> <span class='ocrx_word' id='word_1_50' title='bbox 2070 734 2201 801; x_wconf 84' lang='lat' dir='ltr'>lite-</span> 
     </span>
     <span class='ocr_line' id='line_1_7' title="bbox 217 810 2199 900; baseline 0.004 -25"><span class='ocrx_word' id='word_1_51' title='bbox 217 830 314 875; x_wconf 86' lang='lat' dir='ltr'>ras</span> <span class='ocrx_word' id='word_1_52' title='bbox 330 812 594 895; x_wconf 86' lang='lat' dir='ltr'>diligenti</span> <span class='ocrx_word' id='word_1_53' title='bbox 602 811 772 875; x_wconf 72' lang='lat' dir='ltr'>{iime</span> <span class='ocrx_word' id='word_1_54' title='bbox 791 812 1126 899; x_wconf 69' lang='lat' dir='ltr'>inquisivere</span> <span class='ocrx_word' id='word_1_55' title='bbox 1143 860 1160 886; x_wconf 88' lang='lat'><strong>,</strong></span> <span class='ocrx_word' id='word_1_56' title='bbox 1181 814 1248 875; x_wconf 84' lang='lat'>&amp;</span> <span class='ocrx_word' id='word_1_57' title='bbox 1264 830 1389 895; x_wconf 91' lang='lat' dir='ltr'>quo</span> <span class='ocrx_word' id='word_1_58' title='bbox 1408 810 1613 875; x_wconf 78' lang='lat' dir='ltr'>saeculo</span> <span class='ocrx_word' id='word_1_59' title='bbox 1630 816 1831 879; x_wconf 87' lang='lat' dir='ltr'>editus</span> <span class='ocrx_word' id='word_1_60' title='bbox 1849 861 1866 888; x_wconf 85' lang='lat'>,</span> <span class='ocrx_word' id='word_1_61' title='bbox 1885 836 1997 900; x_wconf 89' lang='lat' dir='ltr'>qua</span> <span class='ocrx_word' id='word_1_62' title='bbox 2016 837 2199 883; x_wconf 85' lang='lat' dir='ltr'>manu</span> 
     </span>
     <span class='ocr_line' id='line_1_8' title="bbox 217 894 2201 979; baseline 0.004 -22"><span class='ocrx_word' id='word_1_63' title='bbox 217 912 496 957; x_wconf 81' lang='lat' dir='ltr'>exaratus</span> <span class='ocrx_word' id='word_1_64' title='bbox 531 894 602 959; x_wconf 84' lang='lat' dir='ltr'>fit</span> <span class='ocrx_word' id='word_1_65' title='bbox 635 898 875 979; x_wconf 81' lang='lat' dir='ltr'>integris</span> <span class='ocrx_word' id='word_1_66' title='bbox 909 897 946 958; x_wconf 70' lang='lat' dir='ltr'>a</span> <span class='ocrx_word' id='word_1_67' title='bbox 980 894 1178 957; x_wconf 86' lang='lat' dir='ltr'>studio</span> <span class='ocrx_word' id='word_1_68' title='bbox 1216 895 1473 977; x_wconf 85' lang='lat' dir='ltr'>partium</span> <span class='ocrx_word' id='word_1_69' title='bbox 1513 895 1727 959; x_wconf 88' lang='lat' dir='ltr'>animis</span> <span class='ocrx_word' id='word_1_70' title='bbox 1744 898 2017 965; x_wconf 86' lang='lat' dir='ltr'>arbitrati</span> <span class='ocrx_word' id='word_1_71' title='bbox 2036 899 2201 964; x_wconf 87' lang='lat' dir='ltr'>sunt:</span> 
     </span>
     <span class='ocr_line' id='line_1_9' title="bbox 215 974 2201 1060; baseline 0.005 -22"><span class='ocrx_word' id='word_1_72' title='bbox 215 995 477 1059; x_wconf 89' lang='lat' dir='ltr'>quorum</span> <span class='ocrx_word' id='word_1_73' title='bbox 495 996 616 1060; x_wconf 89' lang='lat' dir='ltr'>ego</span> <span class='ocrx_word' id='word_1_74' title='bbox 632 977 1034 1041; x_wconf 84' lang='lat' dir='ltr'>testimouium</span> <span class='ocrx_word' id='word_1_75' title='bbox 1057 974 1302 1059; x_wconf 69' lang='lat' dir='ltr'>pmsens</span> <span class='ocrx_word' id='word_1_76' title='bbox 1324 977 1409 1052; x_wconf 67' lang='grc' dir='ltr'>δε,</span> <span class='ocrx_word' id='word_1_77' title='bbox 1430 994 1495 1039; x_wconf 92' lang='lat' dir='ltr'>ut</span> <span class='ocrx_word' id='word_1_78' title='bbox 1515 976 1590 1042; x_wconf 84' lang='lat' dir='ltr'>fic</span> <span class='ocrx_word' id='word_1_79' title='bbox 1608 979 2201 1053; x_wconf 83' lang='lat' dir='ltr'>dixerim,oculatum</span> 
     </span>
     <span class='ocr_line' id='line_1_10' title="bbox 215 1058 2201 1145; baseline 0.005 -24"><span class='ocrx_word' id='word_1_80' title='bbox 215 1078 336 1121; x_wconf 89' lang='lat' dir='ltr'>non</span> <span class='ocrx_word' id='word_1_81' title='bbox 375 1076 588 1121; x_wconf 85' lang='lat' dir='ltr'>vereor</span> <span class='ocrx_word' id='word_1_82' title='bbox 623 1080 696 1124; x_wconf 92' lang='lat' dir='ltr'>ne</span> <span class='ocrx_word' id='word_1_83' title='bbox 733 1062 1041 1144; x_wconf 87' lang='lat' dir='ltr'>quisquam</span> <span class='ocrx_word' id='word_1_84' title='bbox 1061 1058 1224 1123; x_wconf 83' lang='lat' dir='ltr'>sanus</span> <span class='ocrx_word' id='word_1_85' title='bbox 1241 1078 1361 1123; x_wconf 88' lang='lat' dir='ltr'>non</span> <span class='ocrx_word' id='word_1_86' title='bbox 1380 1077 1699 1145; x_wconf 86' lang='lat' dir='ltr'>anteponat</span> <span class='ocrx_word' id='word_1_87' title='bbox 1718 1063 1833 1125; x_wconf 89' lang='lat' dir='ltr'>tuis</span> <span class='ocrx_word' id='word_1_88' title='bbox 1852 1064 2201 1131; x_wconf 77' lang='lat' dir='ltr'>iuauissimis</span> 
     </span>
     <span class='ocr_line' id='line_1_11' title="bbox 215 1139 1124 1223; baseline 0 -20"><span class='ocrx_word' id='word_1_89' title='bbox 215 1139 639 1223; x_wconf 82' lang='lat' dir='ltr'>suspicionibus</span> <span class='ocrx_word' id='word_1_90' title='bbox 660 1143 726 1208; x_wconf 76' lang='grc' dir='ltr'>δι</span> <span class='ocrx_word' id='word_1_91' title='bbox 745 1143 1124 1222; x_wconf 69' lang='lat' dir='ltr'>conjecturis.</span> 
     </span>
    </p>

    <p class='ocr_par' dir='ltr' id='par_1_3' title="bbox 211 1226 2199 2292">
     <span class='ocr_line' id='line_1_12' title="bbox 294 1226 2194 1312; baseline 0.002 -25"><span class='ocrx_word' id='word_1_92' title='bbox 294 1226 424 1287; x_wconf 88' lang='lat' dir='ltr'>lam</span> <span class='ocrx_word' id='word_1_93' title='bbox 449 1226 596 1286; x_wconf 76' lang='lat' dir='ltr'>vero</span> <span class='ocrx_word' id='word_1_94' title='bbox 611 1226 930 1289; x_wconf 85' lang='lat' dir='ltr'>constituta</span> <span class='ocrx_word' id='word_1_95' title='bbox 949 1228 1058 1288; x_wconf 83' lang='lat' dir='ltr'>hac</span> <span class='ocrx_word' id='word_1_96' title='bbox 1079 1241 1242 1289; x_wconf 87' lang='lat' dir='ltr'>tanta</span> <span class='ocrx_word' id='word_1_97' title='bbox 1255 1227 1487 1291; x_wconf 88' lang='lat' dir='ltr'>codicis</span> <span class='ocrx_word' id='word_1_98' title='bbox 1503 1226 1847 1310; x_wconf 74' lang='lat' dir='ltr'>antiquitate</span> <span class='ocrx_word' id='word_1_99' title='bbox 1868 1273 1884 1299; x_wconf 89' lang='lat'>,</span> <span class='ocrx_word' id='word_1_100' title='bbox 1924 1248 2052 1312; x_wconf 78' lang='lat' dir='ltr'>quae</span> <span class='ocrx_word' id='word_1_101' title='bbox 2069 1226 2194 1302; x_wconf 79' lang='lat' dir='ltr'>iam.</span> 
     </span>
     <span class='ocr_line' id='line_1_13' title="bbox 215 1306 2195 1393; baseline 0.003 -24"><span class='ocrx_word' id='word_1_102' title='bbox 215 1306 438 1389; x_wconf 84' lang='lat' dir='ltr'>reliqua</span> <span class='ocrx_word' id='word_1_103' title='bbox 459 1308 652 1389; x_wconf 86' lang='lat' dir='ltr'>potest</span> <span class='ocrx_word' id='word_1_104' title='bbox 668 1308 782 1371; x_wconf 82' lang='lat' dir='ltr'>esse</span> <span class='ocrx_word' id='word_1_105' title='bbox 814 1310 876 1372; x_wconf 86' lang='lat' dir='ltr'>in</span> <span class='ocrx_word' id='word_1_106' title='bbox 893 1310 1011 1370; x_wconf 87' lang='lat' dir='ltr'>hoc</span> <span class='ocrx_word' id='word_1_107' title='bbox 1027 1311 1274 1391; x_wconf 87' lang='lat' dir='ltr'>negotio</span> <span class='ocrx_word' id='word_1_108' title='bbox 1313 1308 1539 1372; x_wconf 83' lang='lat' dir='ltr'>fraudis</span> <span class='ocrx_word' id='word_1_109' title='bbox 1578 1310 1641 1372; x_wconf 87' lang='lat'>&amp;</span> <span class='ocrx_word' id='word_1_110' title='bbox 1658 1308 1987 1392; x_wconf 73' lang='lat' dir='ltr'>imposturae</span> <span class='ocrx_word' id='word_1_111' title='bbox 2018 1308 2195 1393; x_wconf 81' lang='lat' dir='ltr'>suspi-</span> 
     </span>
     <span class='ocr_line' id='line_1_14' title="bbox 214 1390 2199 1469; baseline 0.002 -17"><span class='ocrx_word' id='word_1_112' title='bbox 214 1390 318 1452; x_wconf 89' lang='lat' dir='ltr'>cio</span> <span class='ocrx_word' id='word_1_113' title='bbox 335 1392 361 1453; x_wconf 71' lang='lat' dir='ltr'>i</span> <span class='ocrx_word' id='word_1_114' title='bbox 385 1390 609 1469; x_wconf 81' lang='lat' dir='ltr'>Qem,</span> <span class='ocrx_word' id='word_1_115' title='bbox 629 1410 764 1466; x_wconf 89' lang='lat' dir='ltr'>oro,</span> <span class='ocrx_word' id='word_1_116' title='bbox 783 1392 932 1455; x_wconf 87' lang='lat' dir='ltr'>tanti</span> <span class='ocrx_word' id='word_1_117' title='bbox 947 1393 1214 1455; x_wconf 87' lang='lat' dir='ltr'>criminis</span> <span class='ocrx_word' id='word_1_118' title='bbox 1232 1409 1397 1455; x_wconf 87' lang='lat' dir='ltr'>reum</span> <span class='ocrx_word' id='word_1_119' title='bbox 1418 1390 1583 1465; x_wconf 86' lang='lat' dir='ltr'>facis,</span> <span class='ocrx_word' id='word_1_120' title='bbox 1602 1392 1697 1454; x_wconf 89' lang='lat' dir='ltr'>cui</span> <span class='ocrx_word' id='word_1_121' title='bbox 1716 1393 1877 1455; x_wconf 86' lang='lat' dir='ltr'>diem</span> <span class='ocrx_word' id='word_1_122' title='bbox 1897 1394 2069 1465; x_wconf 86' lang='lat' dir='ltr'>dicis,</span> <span class='ocrx_word' id='word_1_123' title='bbox 2089 1412 2199 1455; x_wconf 88' lang='lat' dir='ltr'>cu-</span> 
     </span>
     <span class='ocr_line' id='line_1_15' title="bbox 213 1471 2195 1559; baseline 0.004 -26"><span class='ocrx_word' id='word_1_124' title='bbox 213 1472 308 1553; x_wconf 84' lang='lat' dir='ltr'>jus</span> <span class='ocrx_word' id='word_1_125' title='bbox 325 1489 540 1535; x_wconf 87' lang='lat' dir='ltr'>nomen</span> <span class='ocrx_word' id='word_1_126' title='bbox 556 1471 762 1537; x_wconf 85' lang='lat' dir='ltr'>defers</span> <span class='ocrx_word' id='word_1_127' title='bbox 781 1474 1006 1559; x_wconf 67' lang='lat' dir='ltr'>Ullius,</span> <span class='ocrx_word' id='word_1_128' title='bbox 1027 1477 1267 1556; x_wconf 84' lang='lat' dir='ltr'>opinor,</span> <span class='ocrx_word' id='word_1_129' title='bbox 1287 1478 1386 1558; x_wconf 89' lang='lat' dir='ltr'>qui</span> <span class='ocrx_word' id='word_1_130' title='bbox 1410 1473 1629 1538; x_wconf 87' lang='lat' dir='ltr'>librum</span> <span class='ocrx_word' id='word_1_131' title='bbox 1644 1475 1943 1559; x_wconf 75' lang='lat' dir='ltr'>descripsit</span> <span class='ocrx_word' id='word_1_132' title='bbox 1960 1492 2061 1537; x_wconf 86' lang='lat' dir='ltr'>aut</span> <span class='ocrx_word' id='word_1_133' title='bbox 2082 1479 2195 1541; x_wconf 80' lang='lat' dir='ltr'>de··.</span> 
     </span>
     <span class='ocr_line' id='line_1_16' title="bbox 213 1552 2197 1643; baseline 0 -26"><span class='ocrx_word' id='word_1_134' title='bbox 213 1552 594 1617; x_wconf 83' lang='lat' dir='ltr'>scribendum</span> <span class='ocrx_word' id='word_1_135' title='bbox 610 1558 862 1621; x_wconf 80' lang='lat' dir='ltr'>curavit.</span> <span class='ocrx_word' id='word_1_136' title='bbox 898 1557 980 1619; x_wconf 85' lang='lat' dir='ltr'>At</span> <span class='ocrx_word' id='word_1_137' title='bbox 1017 1558 1112 1619; x_wconf 85' lang='lat' dir='ltr'>hic</span> <span class='ocrx_word' id='word_1_138' title='bbox 1145 1575 1220 1619; x_wconf 90' lang='lat' dir='ltr'>ne</span> <span class='ocrx_word' id='word_1_139' title='bbox 1255 1556 1395 1622; x_wconf 70' lang='lat' dir='ltr'>facti</span> <span class='ocrx_word' id='word_1_140' title='bbox 1430 1556 1675 1639; x_wconf 88' lang='lat' dir='ltr'>quidem</span> <span class='ocrx_word' id='word_1_141' title='bbox 1710 1556 1879 1639; x_wconf 81' lang='lat' dir='ltr'>ipfius</span> <span class='ocrx_word' id='word_1_142' title='bbox 1900 1574 2197 1643; x_wconf 86' lang='lat' dir='ltr'>utcunque</span> 
     </span>
     <span class='ocr_line' id='line_1_17' title="bbox 213 1634 2199 1723; baseline 0.002 -24"><span class='ocrx_word' id='word_1_143' title='bbox 213 1634 567 1703; x_wconf 74' lang='lat' dir='ltr'>admifficui</span> <span class='ocrx_word' id='word_1_144' title='bbox 586 1637 858 1703; x_wconf 82' lang='lat' dir='ltr'>fraudem</span> <span class='ocrx_word' id='word_1_145' title='bbox 879 1640 1048 1703; x_wconf 82' lang='lat' dir='ltr'>ineffe</span> <span class='ocrx_word' id='word_1_146' title='bbox 1065 1636 1615 1713; x_wconf 71' lang='lat' dir='ltr'>contendis,au6tor</span> <span class='ocrx_word' id='word_1_147' title='bbox 1632 1638 1733 1700; x_wconf 82' lang='lat' dir='ltr'>est.</span> <span class='ocrx_word' id='word_1_148' title='bbox 1756 1638 2061 1723; x_wconf 87' lang='lat' dir='ltr'>Siquidem</span> <span class='ocrx_word' id='word_1_149' title='bbox 2082 1660 2199 1704; x_wconf 88' lang='lat' dir='ltr'>no·</span> 
     </span>
     <span class='ocr_line' id='line_1_18' title="bbox 213 1716 2195 1805; baseline 0.002 -23"><span class='ocrx_word' id='word_1_150' title='bbox 213 1716 512 1782; x_wconf 85' lang='lat' dir='ltr'>viffimam</span> <span class='ocrx_word' id='word_1_151' title='bbox 535 1721 680 1782; x_wconf 84' lang='lat' dir='ltr'>hanc</span> <span class='ocrx_word' id='word_1_152' title='bbox 699 1719 1015 1803; x_wconf 86' lang='lat' dir='ltr'>fragmenti</span> <span class='ocrx_word' id='word_1_153' title='bbox 1035 1739 1286 1805; x_wconf 88' lang='lat' dir='ltr'>partem,</span> <span class='ocrx_word' id='word_1_154' title='bbox 1306 1736 1590 1803; x_wconf 88' lang='lat' dir='ltr'>quantum</span> <span class='ocrx_word' id='word_1_155' title='bbox 1612 1722 1669 1783; x_wconf 90' lang='lat' dir='ltr'>in</span> <span class='ocrx_word' id='word_1_156' title='bbox 1688 1722 1795 1785; x_wconf 83' lang='lat' dir='ltr'>illo</span> <span class='ocrx_word' id='word_1_157' title='bbox 1812 1722 1891 1785; x_wconf 90' lang='lat' dir='ltr'>est</span> <span class='ocrx_word' id='word_1_158' title='bbox 1915 1767 1932 1793; x_wconf 84' lang='lat'><strong>,</strong></span> <span class='ocrx_word' id='word_1_159' title='bbox 1958 1722 2195 1795; x_wconf 78' lang='lat' dir='ltr'>abiudi-</span> 
     </span>
     <span class='ocr_line' id='line_1_19' title="bbox 213 1799 2195 1888; baseline -0.002 -24"><span class='ocrx_word' id='word_1_160' title='bbox 213 1818 310 1864; x_wconf 85' lang='lat' dir='ltr'>eat</span> <span class='ocrx_word' id='word_1_161' title='bbox 328 1803 365 1865; x_wconf 72' lang='lat' dir='ltr'>a</span> <span class='ocrx_word' id='word_1_162' title='bbox 381 1799 688 1876; x_wconf 84' lang='lat' dir='ltr'>Petronio,</span> <span class='ocrx_word' id='word_1_163' title='bbox 707 1820 938 1869; x_wconf 85' lang='lat' dir='ltr'>tantum</span> <span class='ocrx_word' id='word_1_164' title='bbox 957 1803 1114 1869; x_wconf 83' lang='lat' dir='ltr'>abest</span> <span class='ocrx_word' id='word_1_165' title='bbox 1133 1822 1198 1867; x_wconf 92' lang='lat' dir='ltr'>ut</span> <span class='ocrx_word' id='word_1_166' title='bbox 1218 1804 1371 1869; x_wconf 79' lang='lat' dir='ltr'>falso</span> <span class='ocrx_word' id='word_1_167' title='bbox 1388 1803 1472 1868; x_wconf 86' lang='lat' dir='ltr'>illi</span> <span class='ocrx_word' id='word_1_168' title='bbox 1488 1804 1733 1867; x_wconf 88' lang='lat' dir='ltr'>tribuat.</span> <span class='ocrx_word' id='word_1_169' title='bbox 1748 1804 1845 1866; x_wconf 86' lang='lat' dir='ltr'>lns</span> <span class='ocrx_word' id='word_1_170' title='bbox 1838 1806 1991 1888; x_wconf 89' lang='lat' dir='ltr'>pice,</span> <span class='ocrx_word' id='word_1_171' title='bbox 2010 1804 2047 1866; x_wconf 83' lang='lat' dir='ltr'>fi</span> <span class='ocrx_word' id='word_1_172' title='bbox 2070 1806 2195 1885; x_wconf 74' lang='lat' dir='ltr'>pla-</span> 
     </span>
     <span class='ocr_line' id='line_1_20' title="bbox 212 1885 2191 1969; baseline 0.001 -24"><span class='ocrx_word' id='word_1_173' title='bbox 212 1901 333 1958; x_wconf 79' lang='lat' dir='ltr'>cet,</span> <span class='ocrx_word' id='word_1_174' title='bbox 352 1885 478 1963; x_wconf 86' lang='lat' dir='ltr'>ejus</span> <span class='ocrx_word' id='word_1_175' title='bbox 492 1886 834 1968; x_wconf 85' lang='lat' dir='ltr'>exemplum</span> <span class='ocrx_word' id='word_1_176' title='bbox 853 1936 870 1961; x_wconf 92' lang='lat'>,</span> <span class='ocrx_word' id='word_1_177' title='bbox 894 1908 1014 1951; x_wconf 88' lang='lat' dir='ltr'>non</span> <span class='ocrx_word' id='word_1_178' title='bbox 1029 1888 1206 1969; x_wconf 87' lang='lat' dir='ltr'>quale</span> <span class='ocrx_word' id='word_1_179' title='bbox 1223 1890 1258 1951; x_wconf 78' lang='grc' dir='ltr'>ὲ</span> <span class='ocrx_word' id='word_1_180' title='bbox 1279 1886 1567 1950; x_wconf 84' lang='lat' dir='ltr'>Patavinae</span> <span class='ocrx_word' id='word_1_181' title='bbox 1583 1888 1867 1950; x_wconf 82' lang='lat' dir='ltr'>editionis</span> <span class='ocrx_word' id='word_1_182' title='bbox 1885 1887 2191 1950; x_wconf 84' lang='lat' dir='ltr'>Curatore</span> 
     </span>
     <span class='ocr_line' id='line_1_21' title="bbox 211 1968 2191 2051; baseline 0.002 -23"><span class='ocrx_word' id='word_1_183' title='bbox 211 1968 518 2050; x_wconf 85' lang='lat' dir='ltr'>prolatum</span> <span class='ocrx_word' id='word_1_184' title='bbox 533 1968 616 2031; x_wconf 86' lang='lat' dir='ltr'>est</span> <span class='ocrx_word' id='word_1_185' title='bbox 631 1987 986 2051; x_wconf 87' lang='lat' dir='ltr'>corruptum</span> <span class='ocrx_word' id='word_1_186' title='bbox 1007 1970 1074 2032; x_wconf 78' lang='grc' dir='ltr'>δε</span> <span class='ocrx_word' id='word_1_187' title='bbox 1091 1968 1371 2033; x_wconf 87' lang='lat' dir='ltr'>mutilum</span> <span class='ocrx_word' id='word_1_188' title='bbox 1397 2001 1430 2044; x_wconf 52' lang='lat' dir='ltr'>,f</span> <span class='ocrx_word' id='word_1_189' title='bbox 1461 1968 1557 2032; x_wconf 90' lang='lat' dir='ltr'>sed</span> <span class='ocrx_word' id='word_1_190' title='bbox 1582 1969 1754 2049; x_wconf 86' lang='lat' dir='ltr'>quale</span> <span class='ocrx_word' id='word_1_191' title='bbox 1770 1988 1923 2032; x_wconf 88' lang='lat' dir='ltr'>nunc</span> <span class='ocrx_word' id='word_1_192' title='bbox 1940 1971 2191 2032; x_wconf 84' lang='lat' dir='ltr'>demum</span> 
     </span>
     <span class='ocr_line' id='line_1_22' title="bbox 211 2048 2193 2135; baseline 0 -22"><span class='ocrx_word' id='word_1_193' title='bbox 211 2051 421 2133; x_wconf 84' lang='lat' dir='ltr'>prodit</span> <span class='ocrx_word' id='word_1_194' title='bbox 437 2049 720 2114; x_wconf 69' lang='lat' dir='ltr'>sincerum</span> <span class='ocrx_word' id='word_1_195' title='bbox 737 2052 800 2115; x_wconf 71' lang='grc' dir='ltr'>δε</span> <span class='ocrx_word' id='word_1_196' title='bbox 819 2053 1142 2134; x_wconf 85' lang='lat' dir='ltr'>integrum.</span> <span class='ocrx_word' id='word_1_197' title='bbox 1179 2051 1487 2115; x_wconf 89' lang='lat' dir='ltr'>Occurret</span> <span class='ocrx_word' id='word_1_198' title='bbox 1524 2052 1581 2113; x_wconf 92' lang='lat' dir='ltr'>in</span> <span class='ocrx_word' id='word_1_199' title='bbox 1601 2048 1804 2115; x_wconf 85' lang='lat' dir='ltr'>fronte</span> <span class='ocrx_word' id='word_1_200' title='bbox 1818 2051 2024 2115; x_wconf 86' lang='lat' dir='ltr'>titulus</span> <span class='ocrx_word' id='word_1_201' title='bbox 2041 2069 2193 2135; x_wconf 83' lang='lat' dir='ltr'>ope·</span> 
     </span>
     <span class='ocr_line' id='line_1_23' title="bbox 211 2132 2189 2221; baseline 0.001 -28"><span class='ocrx_word' id='word_1_202' title='bbox 211 2133 296 2193; x_wconf 87' lang='lat' dir='ltr'>ris</span> <span class='ocrx_word' id='word_1_203' title='bbox 331 2134 486 2215; x_wconf 89' lang='lat' dir='ltr'>parti</span> <span class='ocrx_word' id='word_1_204' title='bbox 524 2132 1008 2215; x_wconf 82' lang='lat' dir='ltr'>fragmentorum</span> <span class='ocrx_word' id='word_1_205' title='bbox 1053 2136 1170 2211; x_wconf 85' lang='lat' dir='ltr'>iam</span> <span class='ocrx_word' id='word_1_206' title='bbox 1197 2134 1441 2219; x_wconf 80' lang='lat' dir='ltr'>vulgatae</span> <span class='ocrx_word' id='word_1_207' title='bbox 1460 2132 1739 2221; x_wconf 63' lang='lat' dir='ltr'>prefixus·</span> <span class='ocrx_word' id='word_1_208' title='bbox 1752 2151 2079 2219; x_wconf 77' lang='lat' dir='ltr'>conceptus</span> <span class='ocrx_word' id='word_1_209' title='bbox 2099 2134 2189 2196; x_wconf 83' lang='lat' dir='ltr'>his</span> 
     </span>
     <span class='ocr_line' id='line_1_24' title="bbox 211 2214 2143 2292; baseline 0.002 -13"><span class='ocrx_word' id='word_1_210' title='bbox 211 2216 428 2286; x_wconf 84' lang='lat' dir='ltr'>verbis,</span> <span class='ocrx_word' id='word_1_211' title='bbox 443 2217 510 2281; x_wconf 63' lang='lat'>83</span> <span class='ocrx_word' id='word_1_212' title='bbox 527 2214 724 2281; x_wconf 88' lang='lat' dir='ltr'>rubris</span> <span class='ocrx_word' id='word_1_213' title='bbox 742 2216 952 2281; x_wconf 84' lang='lat' dir='ltr'>litteris</span> <span class='ocrx_word' id='word_1_214' title='bbox 968 2234 1240 2285; x_wconf 81' lang='lat' dir='ltr'>exaratus</span> <span class='ocrx_word' id='word_1_215' title='bbox 1253 2264 1272 2292; x_wconf 86' lang='lat'><strong>,</strong></span> <span class='ocrx_word' id='word_1_216' title='bbox 2136 2248 2143 2253; x_wconf 96' lang='lat'>·</span> 
     </span>
    </p>
   </div>
   <div class='ocr_carea' id='block_1_3' title="bbox 450 2360 1953 2445">
    <p class='ocr_par' dir='ltr' id='par_1_4' title="bbox 450 2360 1953 2445">
     <span class='ocr_line' id='line_1_25' title="bbox 450 2360 1953 2445; baseline 0.001 -24"><span class='ocrx_word' id='word_1_217' title='bbox 450 2366 680 2425; x_wconf 80' lang='lat' dir='ltr'>Petronii</span> <span class='ocrx_word' id='word_1_218' title='bbox 694 2364 904 2425; x_wconf 75' lang='lat' dir='ltr'>Arbitri</span> <span class='ocrx_word' id='word_1_219' title='bbox 918 2366 1088 2443; x_wconf 77' lang='lat' dir='ltr'>Satyri</span> <span class='ocrx_word' id='word_1_220' title='bbox 1095 2364 1389 2445; x_wconf 68' lang='lat' dir='ltr'>fragmenta</span> <span class='ocrx_word' id='word_1_221' title='bbox 1402 2386 1463 2427; x_wconf 80' lang='lat' dir='ltr'>ex</span> <span class='ocrx_word' id='word_1_222' title='bbox 1478 2364 1603 2425; x_wconf 75' lang='lat' dir='ltr'>libro</span> <span class='ocrx_word' id='word_1_223' title='bbox 1617 2381 1720 2425; x_wconf 82' lang='lat' dir='ltr'>xv·</span> <span class='ocrx_word' id='word_1_224' title='bbox 1740 2360 1809 2434; x_wconf 70' lang='grc' dir='ltr'>ό*</span> <span class='ocrx_word' id='word_1_225' title='bbox 1824 2380 1953 2424; x_wconf 81' lang='lat' dir='ltr'><strong>xvl.</strong></span> 
     </span>
    </p>
   </div>
   <div class='ocr_carea' id='block_1_4' title="bbox 209 2458 2301 2879">
    <p class='ocr_par' dir='ltr' id='par_1_5' title="bbox 209 2458 2301 2879">
     <span class='ocr_line' id='line_1_26' title="bbox 283 2458 2247 2547; baseline -0.004 -22"><span class='ocrx_word' id='word_1_226' title='bbox 283 2458 632 2526; x_wconf 87' lang='lat' dir='ltr'>Occurrent</span> <span class='ocrx_word' id='word_1_227' title='bbox 652 2458 887 2528; x_wconf 85' lang='lat' dir='ltr'>summae</span> <span class='ocrx_word' id='word_1_228' title='bbox 907 2464 1124 2547; x_wconf 75' lang='lat' dir='ltr'>paginae</span> <span class='ocrx_word' id='word_1_229' title='bbox 1142 2466 1292 2527; x_wconf 85' lang='lat' dir='ltr'>hauc</span> <span class='ocrx_word' id='word_1_230' title='bbox 1311 2480 1539 2547; x_wconf 86' lang='lat' dir='ltr'>partem</span> <span class='ocrx_word' id='word_1_231' title='bbox 1550 2463 1927 2526; x_wconf 73' lang='lat' dir='ltr'>continentes</span> <span class='ocrx_word' id='word_1_232' title='bbox 1946 2458 2065 2521; x_wconf 89' lang='lat' dir='ltr'>hoc</span> <span class='ocrx_word' id='word_1_233' title='bbox 2080 2474 2189 2517; x_wconf 87' lang='lat' dir='ltr'>eo-</span> <span class='ocrx_word' id='word_1_234' title='bbox 2238 2496 2247 2505; x_wconf 79' lang='lat'><strong>·</strong></span> 
     </span>
     <span class='ocr_line' id='line_1_27' title="bbox 209 2540 2192 2631; baseline -0.001 -27"><span class='ocrx_word' id='word_1_235' title='bbox 209 2540 358 2609; x_wconf 87' lang='lat' dir='ltr'>dem</span> <span class='ocrx_word' id='word_1_236' title='bbox 393 2546 572 2609; x_wconf 89' lang='lat' dir='ltr'>titulo</span> <span class='ocrx_word' id='word_1_237' title='bbox 611 2548 678 2610; x_wconf 86' lang='lat'>&amp;</span> <span class='ocrx_word' id='word_1_238' title='bbox 695 2548 906 2610; x_wconf 88' lang='lat' dir='ltr'>colore</span> <span class='ocrx_word' id='word_1_239' title='bbox 925 2563 1142 2609; x_wconf 81' lang='lat' dir='ltr'>notatae</span> <span class='ocrx_word' id='word_1_240' title='bbox 1162 2594 1180 2621; x_wconf 94' lang='lat'>,</span> <span class='ocrx_word' id='word_1_241' title='bbox 1225 2565 1371 2631; x_wconf 84' lang='lat' dir='ltr'>quas</span> <span class='ocrx_word' id='word_1_242' title='bbox 1411 2546 1511 2609; x_wconf 90' lang='lat' dir='ltr'>ubi</span> <span class='ocrx_word' id='word_1_243' title='bbox 1550 2562 1759 2608; x_wconf 88' lang='lat' dir='ltr'>omues</span> <span class='ocrx_word' id='word_1_244' title='bbox 1794 2541 2088 2605; x_wconf 78' lang='lat' dir='ltr'>evolveris</span> <span class='ocrx_word' id='word_1_245' title='bbox 2123 2542 2192 2603; x_wconf 78' lang='grc' dir='ltr'>δε</span> 
     </span>
     <span class='ocr_line' id='line_1_28' title="bbox 210 2622 2189 2713; baseline -0.002 -24"><span class='ocrx_word' id='word_1_246' title='bbox 210 2646 604 2709; x_wconf 80' lang='lat' dir='ltr'>congruentes</span> <span class='ocrx_word' id='word_1_247' title='bbox 633 2648 777 2713; x_wconf 76' lang='lat' dir='ltr'>cum</span> <span class='ocrx_word' id='word_1_248' title='bbox 815 2630 1096 2693; x_wconf 87' lang='lat' dir='ltr'>omnibus</span> <span class='ocrx_word' id='word_1_249' title='bbox 1131 2626 1543 2712; x_wconf 81' lang='lat' dir='ltr'>manuscriptis</span> <span class='ocrx_word' id='word_1_250' title='bbox 1580 2628 1647 2690; x_wconf 79' lang='grc' dir='ltr'>δε</span> <span class='ocrx_word' id='word_1_251' title='bbox 1680 2622 1967 2707; x_wconf 75' lang='lat' dir='ltr'>impreflis</span> <span class='ocrx_word' id='word_1_252' title='bbox 1982 2640 2189 2685; x_wconf 84' lang='lat' dir='ltr'>exem·</span> 
     </span>
     <span class='ocr_line' id='line_1_29' title="bbox 210 2708 2301 2797; baseline -0.002 -26"><span class='ocrx_word' id='word_1_253' title='bbox 210 2710 468 2795; x_wconf 84' lang='lat' dir='ltr'>plaribus</span> <span class='ocrx_word' id='word_1_254' title='bbox 495 2715 786 2777; x_wconf 79' lang='lat' dir='ltr'>inveneris</span> <span class='ocrx_word' id='word_1_255' title='bbox 807 2758 824 2785; x_wconf 86' lang='lat'>,</span> <span class='ocrx_word' id='word_1_256' title='bbox 849 2709 1113 2775; x_wconf 83' lang='lat' dir='ltr'>offendes</span> <span class='ocrx_word' id='word_1_257' title='bbox 1129 2714 1208 2775; x_wconf 86' lang='lat' dir='ltr'>ad</span> <span class='ocrx_word' id='word_1_258' title='bbox 1224 2712 1449 2775; x_wconf 84' lang='lat' dir='ltr'>calcem</span> <span class='ocrx_word' id='word_1_259' title='bbox 1471 2710 1819 2775; x_wconf 78' lang='lat' dir='ltr'>sollemnem</span> <span class='ocrx_word' id='word_1_260' title='bbox 1838 2708 2005 2773; x_wconf 84' lang='lat' dir='ltr'>illam</span> <span class='ocrx_word' id='word_1_261' title='bbox 2026 2723 2189 2771; x_wconf 86' lang='lat' dir='ltr'>vete-</span> <span class='ocrx_word' id='word_1_262' title='bbox 2296 2792 2301 2797; x_wconf 22' lang='lat'>⁸</span> 
     </span>
     <span class='ocr_line' id='line_1_30' title="bbox 210 2794 1577 2879; baseline 0 -22"><span class='ocrx_word' id='word_1_263' title='bbox 210 2813 346 2857; x_wconf 90' lang='lat' dir='ltr'>rum</span> <span class='ocrx_word' id='word_1_264' title='bbox 365 2794 896 2879; x_wconf 84' lang='lat' dir='ltr'>manuscriptorum</span> <span class='ocrx_word' id='word_1_265' title='bbox 917 2798 1202 2861; x_wconf 86' lang='lat' dir='ltr'>codicum</span> <span class='ocrx_word' id='word_1_266' title='bbox 1219 2794 1535 2859; x_wconf 79' lang='lat' dir='ltr'>clausulam</span> <span class='ocrx_word' id='word_1_267' title='bbox 1557 2840 1577 2870; x_wconf 87' lang='lat'><strong>,</strong></span> 
     </span>
    </p>
   </div>
   <div class='ocr_carea' id='block_1_5' title="bbox 289 2932 2107 3021">
    <p class='ocr_par' dir='ltr' id='par_1_6' title="bbox 289 2915 2107 3021">
     <span class='ocr_line' id='line_1_31' title="bbox 289 2932 2107 3021; baseline -0.002 -20"><span class='ocrx_word' id='word_1_268' title='bbox 289 2944 515 3003; x_wconf 77' lang='lat' dir='ltr'>Petronii</span> <span class='ocrx_word' id='word_1_269' title='bbox 531 2942 736 3003; x_wconf 75' lang='lat' dir='ltr'>Arbitri</span> <span class='ocrx_word' id='word_1_270' title='bbox 754 2944 922 3021; x_wconf 75' lang='lat' dir='ltr'>Satyri</span> <span class='ocrx_word' id='word_1_271' title='bbox 946 2942 1241 3021; x_wconf 74' lang='lat' dir='ltr'>fragmenta</span> <span class='ocrx_word' id='word_1_272' title='bbox 1265 2940 1532 3019; x_wconf 60' lang='lat' dir='ltr'>explicitae</span> <span class='ocrx_word' id='word_1_273' title='bbox 1549 2956 1610 3001; x_wconf 74' lang='lat' dir='ltr'>ex</span> <span class='ocrx_word' id='word_1_274' title='bbox 1624 2936 1751 2999; x_wconf 74' lang='lat' dir='ltr'>libro</span> <span class='ocrx_word' id='word_1_275' title='bbox 1768 2954 1871 2999; x_wconf 74' lang='lat' dir='ltr'>xv·</span> <span class='ocrx_word' id='word_1_276' title='bbox 1890 2932 1959 3006; x_wconf 72' lang='grc' dir='ltr'>ό*</span> <span class='ocrx_word' id='word_1_277' title='bbox 1976 2950 2107 2997; x_wconf 72' lang='lat' dir='ltr'>xv!-</span> 
     </span>
    </p>
   </div>
   <div class='ocr_carea' id='block_1_6' title="bbox 206 3028 2192 3883">
    <p class='ocr_par' dir='ltr' id='par_1_7' title="bbox 206 3028 2192 3883">
     <span class='ocr_line' id='line_1_32' title="bbox 289 3028 2187 3121; baseline -0.004 -19"><span class='ocrx_word' id='word_1_278' title='bbox 289 3040 600 3105; x_wconf 68' lang='lat' dir='ltr'>Hactenus</span> <span class='ocrx_word' id='word_1_279' title='bbox 619 3090 637 3118; x_wconf 90' lang='lat'>‚</span> <span class='ocrx_word' id='word_1_280' title='bbox 675 3059 742 3105; x_wconf 90' lang='lat' dir='ltr'>ut</span> <span class='ocrx_word' id='word_1_281' title='bbox 760 3041 926 3105; x_wconf 84' lang='lat' dir='ltr'>vides</span> <span class='ocrx_word' id='word_1_282' title='bbox 946 3091 963 3117; x_wconf 86' lang='lat'>,</span> <span class='ocrx_word' id='word_1_283' title='bbox 983 3041 1085 3103; x_wconf 88' lang='lat' dir='ltr'>ille</span> <span class='ocrx_word' id='word_1_284' title='bbox 1099 3090 1116 3115; x_wconf 93' lang='lat'>,</span> <span class='ocrx_word' id='word_1_285' title='bbox 1135 3060 1242 3103; x_wconf 84' lang='lat' dir='ltr'>nec</span> <span class='ocrx_word' id='word_1_286' title='bbox 1261 3041 1417 3104; x_wconf 74' lang='lat' dir='ltr'>ultra</span> <span class='ocrx_word' id='word_1_287' title='bbox 1434 3040 1751 3121; x_wconf 88' lang='lat' dir='ltr'>quicquam</span> <span class='ocrx_word' id='word_1_288' title='bbox 1770 3035 2059 3099; x_wconf 82' lang='lat' dir='ltr'>Petronio</span> <span class='ocrx_word' id='word_1_289' title='bbox 2076 3028 2187 3095; x_wconf 86' lang='lat' dir='ltr'>tri·</span> 
     </span>
     <span class='ocr_line' id='line_1_33' title="bbox 207 3116 2183 3207; baseline -0.005 -22"><span class='ocrx_word' id='word_1_290' title='bbox 207 3122 372 3186; x_wconf 89' lang='lat' dir='ltr'>buit:</span> <span class='ocrx_word' id='word_1_291' title='bbox 394 3144 520 3206; x_wconf 82' lang='lat' dir='ltr'>quae</span> <span class='ocrx_word' id='word_1_292' title='bbox 536 3126 575 3187; x_wconf 81' lang='lat' dir='ltr'>fi</span> <span class='ocrx_word' id='word_1_293' title='bbox 593 3144 874 3207; x_wconf 81' lang='lat' dir='ltr'>germana</span> <span class='ocrx_word' id='word_1_294' title='bbox 892 3125 1238 3204; x_wconf 73' lang='lat' dir='ltr'>&amp;legitima</span> <span class='ocrx_word' id='word_1_295' title='bbox 1257 3141 1377 3186; x_wconf 89' lang='lat' dir='ltr'>non</span> <span class='ocrx_word' id='word_1_296' title='bbox 1396 3120 1524 3183; x_wconf 87' lang='lat' dir='ltr'>sunt</span> <span class='ocrx_word' id='word_1_297' title='bbox 1543 3168 1559 3195; x_wconf 90' lang='lat'>‚</span> <span class='ocrx_word' id='word_1_298' title='bbox 1582 3122 1822 3202; x_wconf 85' lang='lat' dir='ltr'>planum</span> <span class='ocrx_word' id='word_1_299' title='bbox 1836 3118 1973 3181; x_wconf 86' lang='lat' dir='ltr'>licet</span> <span class='ocrx_word' id='word_1_300' title='bbox 1988 3116 2183 3187; x_wconf 78' lang='lat' dir='ltr'>illum,</span> 
     </span>
     <span class='ocr_line' id='line_1_34' title="bbox 206 3195 2192 3292; baseline -0.006 -23"><span class='ocrx_word' id='word_1_301' title='bbox 206 3207 274 3269; x_wconf 85' lang='lat'>&amp;</span> <span class='ocrx_word' id='word_1_302' title='bbox 291 3205 702 3290; x_wconf 85' lang='lat' dir='ltr'>impostorem,</span> <span class='ocrx_word' id='word_1_303' title='bbox 721 3210 786 3270; x_wconf 87' lang='lat'>&amp;</span> <span class='ocrx_word' id='word_1_304' title='bbox 803 3208 843 3275; x_wconf 77' lang='lat' dir='ltr'>fi</span> <span class='ocrx_word' id='word_1_305' title='bbox 863 3228 986 3292; x_wconf 83' lang='lat' dir='ltr'>qua·</span> <span class='ocrx_word' id='word_1_306' title='bbox 1005 3206 1264 3271; x_wconf 78' lang='lat' dir='ltr'>foediora</span> <span class='ocrx_word' id='word_1_307' title='bbox 1281 3208 1343 3269; x_wconf 89' lang='lat' dir='ltr'>in</span> <span class='ocrx_word' id='word_1_308' title='bbox 1360 3205 1611 3268; x_wconf 88' lang='lat' dir='ltr'>buccam</span> <span class='ocrx_word' id='word_1_309' title='bbox 1636 3202 1901 3274; x_wconf 80' lang='lat' dir='ltr'>veniunt,</span> <span class='ocrx_word' id='word_1_310' title='bbox 1922 3195 2192 3290; x_wconf 65' lang='lat' dir='ltr'>vocabu·</span> 
     </span>
     <span class='ocr_line' id='line_1_35' title="bbox 207 3283 2189 3373; baseline -0.004 -21"><span class='ocrx_word' id='word_1_311' title='bbox 207 3290 280 3352; x_wconf 89' lang='lat' dir='ltr'>lis</span> <span class='ocrx_word' id='word_1_312' title='bbox 294 3289 544 3371; x_wconf 87' lang='lat' dir='ltr'>appella.</span> <span class='ocrx_word' id='word_1_313' title='bbox 581 3288 862 3371; x_wconf 86' lang='lat' dir='ltr'>Sequitur</span> <span class='ocrx_word' id='word_1_314' title='bbox 879 3291 1222 3372; x_wconf 77' lang='lat' dir='ltr'>exemplum</span> <span class='ocrx_word' id='word_1_315' title='bbox 1243 3287 1411 3366; x_wconf 78' lang='lat' dir='ltr'>huius</span> <span class='ocrx_word' id='word_1_316' title='bbox 1446 3288 1589 3350; x_wconf 86' lang='lat' dir='ltr'>novi</span> <span class='ocrx_word' id='word_1_317' title='bbox 1622 3283 1939 3369; x_wconf 84' lang='lat' dir='ltr'>fragmenti</span> <span class='ocrx_word' id='word_1_318' title='bbox 1966 3328 1985 3356; x_wconf 91' lang='lat'><strong>,</strong></span> <span class='ocrx_word' id='word_1_319' title='bbox 2021 3296 2189 3373; x_wconf 63' lang='lat' dir='ltr'>cuius</span> 
     </span>
     <span class='ocr_line' id='line_1_36' title="bbox 207 3366 2189 3457; baseline -0.003 -21"><span class='ocrx_word' id='word_1_320' title='bbox 207 3371 555 3454; x_wconf 82' lang='lat' dir='ltr'>scripturam</span> <span class='ocrx_word' id='word_1_321' title='bbox 572 3373 740 3437; x_wconf 88' lang='lat' dir='ltr'>nullo</span> <span class='ocrx_word' id='word_1_322' title='bbox 757 3373 941 3434; x_wconf 75' lang='lat' dir='ltr'>titulo</span> <span class='ocrx_word' id='word_1_323' title='bbox 957 3373 1282 3457; x_wconf 79' lang='lat' dir='ltr'>insignitam</span> <span class='ocrx_word' id='word_1_324' title='bbox 1304 3371 1585 3452; x_wconf 85' lang='lat' dir='ltr'>reperies.</span> <span class='ocrx_word' id='word_1_325' title='bbox 1609 3368 1752 3433; x_wconf 82' lang='lat' dir='ltr'>nihil</span> <span class='ocrx_word' id='word_1_326' title='bbox 1770 3368 1829 3431; x_wconf 89' lang='lat' dir='ltr'>in</span> <span class='ocrx_word' id='word_1_327' title='bbox 1848 3366 2047 3429; x_wconf 76' lang='lat' dir='ltr'>fronte</span> <span class='ocrx_word' id='word_1_328' title='bbox 2064 3408 2081 3431; x_wconf 77' lang='grc'><strong>.</strong></span> <span class='ocrx_word' id='word_1_329' title='bbox 2097 3380 2189 3423; x_wconf 83' lang='lat' dir='ltr'>m·</span> 
     </span>
     <span class='ocr_line' id='line_1_37' title="bbox 209 3448 2189 3539; baseline -0.006 -22"><span class='ocrx_word' id='word_1_330' title='bbox 209 3454 293 3517; x_wconf 79' lang='lat' dir='ltr'>hil</span> <span class='ocrx_word' id='word_1_331' title='bbox 312 3452 390 3517; x_wconf 87' lang='lat' dir='ltr'>ad</span> <span class='ocrx_word' id='word_1_332' title='bbox 409 3455 636 3517; x_wconf 86' lang='lat' dir='ltr'>calcem</span> <span class='ocrx_word' id='word_1_333' title='bbox 656 3500 674 3526; x_wconf 85' lang='lat'>,</span> <span class='ocrx_word' id='word_1_334' title='bbox 717 3454 856 3518; x_wconf 84' lang='lat' dir='ltr'>uihil</span> <span class='ocrx_word' id='word_1_335' title='bbox 878 3456 938 3518; x_wconf 89' lang='lat' dir='ltr'>in</span> <span class='ocrx_word' id='word_1_336' title='bbox 959 3456 1203 3518; x_wconf 78' lang='lat' dir='ltr'>summis</span> <span class='ocrx_word' id='word_1_337' title='bbox 1237 3470 1339 3517; x_wconf 88' lang='lat' dir='ltr'>aur</span> <span class='ocrx_word' id='word_1_338' title='bbox 1356 3454 1571 3517; x_wconf 83' lang='lat' dir='ltr'>infimis</span> <span class='ocrx_word' id='word_1_339' title='bbox 1586 3452 1809 3514; x_wconf 88' lang='lat' dir='ltr'>chartis</span> <span class='ocrx_word' id='word_1_340' title='bbox 1825 3448 2189 3539; x_wconf 78' lang='lat' dir='ltr'>adnotatum</span> 
     </span>
     <span class='ocr_line' id='line_1_38' title="bbox 208 3528 2189 3622; baseline -0.006 -23"><span class='ocrx_word' id='word_1_341' title='bbox 208 3535 290 3599; x_wconf 91' lang='lat' dir='ltr'>est</span> <span class='ocrx_word' id='word_1_342' title='bbox 305 3554 388 3601; x_wconf 88' lang='lat' dir='ltr'>ex</span> <span class='ocrx_word' id='word_1_343' title='bbox 425 3556 548 3622; x_wconf 90' lang='lat' dir='ltr'>quo</span> <span class='ocrx_word' id='word_1_344' title='bbox 584 3536 764 3619; x_wconf 82' lang='lat' dir='ltr'>poffit</span> <span class='ocrx_word' id='word_1_345' title='bbox 797 3536 928 3600; x_wconf 90' lang='lat' dir='ltr'>elici</span> <span class='ocrx_word' id='word_1_346' title='bbox 951 3556 1121 3601; x_wconf 88' lang='lat' dir='ltr'>mens</span> <span class='ocrx_word' id='word_1_347' title='bbox 1139 3537 1441 3619; x_wconf 69' lang='lat' dir='ltr'>scriptoris</span> <span class='ocrx_word' id='word_1_348' title='bbox 1456 3582 1471 3608; x_wconf 87' lang='lat'>‚</span> <span class='ocrx_word' id='word_1_349' title='bbox 1556 3534 1659 3596; x_wconf 88' lang='lat' dir='ltr'>uid</span> <span class='ocrx_word' id='word_1_350' title='bbox 1694 3530 1773 3592; x_wconf 91' lang='lat' dir='ltr'>de</span> <span class='ocrx_word' id='word_1_351' title='bbox 1808 3528 1961 3594; x_wconf 87' lang='lat' dir='ltr'>illius</span> <span class='ocrx_word' id='word_1_352' title='bbox 1978 3528 2189 3603; x_wconf 74' lang='lat' dir='ltr'>seutiae</span> 
     </span>
     <span class='ocr_line' id='line_1_39' title="bbox 208 3609 2189 3709; baseline -0.007 -25"><span class='ocrx_word' id='word_1_353' title='bbox 208 3618 490 3700; x_wconf 65' lang='lat' dir='ltr'>auftore3</span> <span class='ocrx_word' id='word_1_354' title='bbox 525 3640 650 3704; x_wconf 79' lang='lat' dir='ltr'>quoe</span> <span class='ocrx_word' id='word_1_355' title='bbox 665 3618 906 3702; x_wconf 89' lang='lat' dir='ltr'>quidem</span> <span class='ocrx_word' id='word_1_356' title='bbox 922 3637 1016 3681; x_wconf 83' lang='lat' dir='ltr'>res</span> <span class='ocrx_word' id='word_1_357' title='bbox 1033 3618 1323 3683; x_wconf 86' lang='lat' dir='ltr'>inscitiam</span> <span class='ocrx_word' id='word_1_358' title='bbox 1344 3616 1503 3680; x_wconf 84' lang='lat' dir='ltr'>forta</span> <span class='ocrx_word' id='word_1_359' title='bbox 1546 3636 1581 3677; x_wconf 89' lang='lat' dir='ltr'>e</span> <span class='ocrx_word' id='word_1_360' title='bbox 1600 3613 1861 3709; x_wconf 73' lang='lat' dir='ltr'>hominia</span> <span class='ocrx_word' id='word_1_361' title='bbox 1872 3628 2055 3708; x_wconf 73' lang='lat' dir='ltr'>atque</span> <span class='ocrx_word' id='word_1_362' title='bbox 2070 3609 2189 3673; x_wconf 86' lang='lat' dir='ltr'>stu-</span> 
     </span>
     <span class='ocr_line' id='line_1_40' title="bbox 213 3700 2185 3789; baseline -0.003 -23"><span class='ocrx_word' id='word_1_363' title='bbox 213 3722 426 3789; x_wconf 87' lang='lat' dir='ltr'>porem</span> <span class='ocrx_word' id='word_1_364' title='bbox 449 3752 466 3779; x_wconf 86' lang='lat'>‚</span> <span class='ocrx_word' id='word_1_365' title='bbox 503 3722 624 3767; x_wconf 84' lang='lat' dir='ltr'>non</span> <span class='ocrx_word' id='word_1_366' title='bbox 641 3700 916 3765; x_wconf 88' lang='lat' dir='ltr'>fraudem</span> <span class='ocrx_word' id='word_1_367' title='bbox 938 3702 1115 3764; x_wconf 88' lang='lat' dir='ltr'>ullam</span> <span class='ocrx_word' id='word_1_368' title='bbox 1137 3700 1449 3781; x_wconf 84' lang='lat' dir='ltr'>coarguit:</span> <span class='ocrx_word' id='word_1_369' title='bbox 1484 3714 1549 3761; x_wconf 91' lang='lat' dir='ltr'>ut</span> <span class='ocrx_word' id='word_1_370' title='bbox 1568 3712 1763 3781; x_wconf 77' lang='lat' dir='ltr'>quiex</span> <span class='ocrx_word' id='word_1_371' title='bbox 1780 3712 2031 3761; x_wconf 77' lang='lat' dir='ltr'>materia</span> <span class='ocrx_word' id='word_1_372' title='bbox 2048 3738 2065 3760; x_wconf 90' lang='lat'>.</span> <span class='ocrx_word' id='word_1_373' title='bbox 2104 3707 2185 3751; x_wconf 70' lang='lat' dir='ltr'>ex</span> 
     </span>
     <span class='ocr_line' id='line_1_41' title="bbox 208 3780 2189 3883; baseline -0.007 -33"><span class='ocrx_word' id='word_1_374' title='bbox 208 3804 426 3883; x_wconf 83' lang='lat' dir='ltr'>genere</span> <span class='ocrx_word' id='word_1_375' title='bbox 441 3786 718 3851; x_wconf 70' lang='lat' dir='ltr'>dictionis</span> <span class='ocrx_word' id='word_1_376' title='bbox 737 3832 756 3857; x_wconf 86' lang='lat'><strong>,</strong></span> <span class='ocrx_word' id='word_1_377' title='bbox 779 3804 856 3848; x_wconf 80' lang='lat' dir='ltr'>ex</span> <span class='ocrx_word' id='word_1_378' title='bbox 871 3781 1130 3865; x_wconf 85' lang='lat' dir='ltr'>personis</span> <span class='ocrx_word' id='word_1_379' title='bbox 1147 3802 1274 3867; x_wconf 80' lang='lat' dir='ltr'>quae</span> <span class='ocrx_word' id='word_1_380' title='bbox 1291 3783 1599 3863; x_wconf 84' lang='lat' dir='ltr'>loquentes</span> <span class='ocrx_word' id='word_1_381' title='bbox 1615 3780 1983 3844; x_wconf 84' lang='lat' dir='ltr'>inducuntur</span> <span class='ocrx_word' id='word_1_382' title='bbox 2002 3821 2019 3844; x_wconf 88' lang='lat'><strong>.</strong></span> <span class='ocrx_word' id='word_1_383' title='bbox 2035 3792 2189 3837; x_wconf 86' lang='lat' dir='ltr'>cou-.</span> 
     </span>
    </p>
   </div>
   <div class='ocr_carea' id='block_1_7' title="bbox 203 3860 2189 4037">
    <p class='ocr_par' dir='ltr' id='par_1_8' title="bbox 203 3860 2189 4037">
     <span class='ocr_line' id='line_1_42' title="bbox 203 3860 2189 4037; baseline -0.006 -102"><span class='ocrx_word' id='word_1_384' title='bbox 203 3871 495 3957; x_wconf 59' lang='lat' dir='ltr'>lecturam</span> <span class='ocrx_word' id='word_1_385' title='bbox 514 3870 708 3939; x_wconf 84' lang='lat' dir='ltr'>facere</span> <span class='ocrx_word' id='word_1_386' title='bbox 727 3870 808 3934; x_wconf 86' lang='lat' dir='ltr'>de</span> <span class='ocrx_word' id='word_1_387' title='bbox 824 3868 1070 3935; x_wconf 70' lang='lat' dir='ltr'>auetore</span> <span class='ocrx_word' id='word_1_388' title='bbox 1085 3865 1439 4037; x_wconf 63' lang='lat' dir='ltr'>nequiveFrit3·</span> <span class='ocrx_word' id='word_1_389' title='bbox 1458 3862 1593 3951; x_wconf 82' lang='lat' dir='ltr'>Ego</span> <span class='ocrx_word' id='word_1_390' title='bbox 1612 3863 1755 3933; x_wconf 75' lang='lat' dir='ltr'>veto</span> <span class='ocrx_word' id='word_1_391' title='bbox 1770 3860 2023 3949; x_wconf 85' lang='lat' dir='ltr'>idipsum</span> <span class='ocrx_word' id='word_1_392' title='bbox 2040 3874 2189 4003; x_wconf 44' lang='lat' dir='ltr'>‹ant-i</span> 
     </span>
    </p>
   </div>
  </div>
 </body>
</html>
