2634 4509
938 348 1129 421 AD
1277 344 2203 419 LECTOREM.

589 456 803 532 stant:
856 458 1151 555 itemque
1172 454 1359 528 illum
1378 460 1495 555 qui
1504 452 1679 555 jussu
1701 454 2053 527 Caracallae
2072 475 2226 527 ante
2246 450 2583 554 templum
2602 470 2604 477 '

586 562 754 631 Divi
775 560 881 629 Pii
901 550 1152 649 occisus
1171 558 1214 626 a
1241 556 1592 654 Spar-tiano
1610 553 1913 626 traditur.
1985 553 2119 627 Sed
2158 556 2235 623 ’δε
2249 557 2583 653 jurecon-

585 651 828 727 sultum
868 657 1260 727 Petronium
1283 707 1304 741 ,
1366 653 1452 725 ad
1488 678 1691 753 quem
1728 649 2037 751 leguntur
2075 650 2267 726 Sollii
2312 650 2583 725 Sidonii

585 750 880 851 epistolae
903 751 1137 849 plures.
1213 753 1386 824 Sane
1410 755 1804 825 Petronium
1823 748 2173 843 Arbitrum
2192 755 2585 823 Domitiani

587 871 894 949 tempora
912 846 1290 949 praeceffiffe
1314 903 1335 937 ,
1352 876 1436 923 ex
1452 876 1539 923 eo
1556 854 1758 921 etiam
1776 848 2203 949 intelligitur'‚
2222 848 2412 947 quod
2433 853 2491 949 ej
2500 876 2583 922 us

489 1036 498 1043 ι
587 952 1026 1021 Terentianus
1047 954 1327 1021 Maurus
1346 952 1723 1020 meminerit
1758 972 1779 1018 t
1830 944 1881 1019 fi
1900 946 2115 1019 modo
2134 950 2589 1020 Terentianus

589 1051 646 1119 is
665 1046 759 1121 est
779 1101 800 1133 ‚
839 1070 1042 1145 quem
1060 1043 1175 1119 suo
1195 1068 1501 1147 tempore
1522 1050 1762 1119 Sienen
1783 1042 2013 1117 rexisse
2030 1044 2357 1119 Martialis
2375 1044 2579 1117 testa-

587 1165 721 1219 tur.
773 1150 839 1217 Is
860 1148 1062 1243 igitur
1082 1200 1104 1233 ‚
1130 1142 1421 1245 quisquis
1441 1141 1841 1217 tandemfuit
1864 1198 1887 1231 ,
1908 1147 2213 1217 Petronii
2229 1138 2320 1213 fic
2339 1149 2581 1220 memi-
2602 1196 2604 1215 .

591 1247 717 1333 nit,
739 1248 897 1317 etim
914 1240 1000 1314 de
1019 1242 1311 1316 dimetro
1340 1242 1643 1317 Iambico
1662 1240 1903 1315 claudo
1920 1246 2058 1344 agit
2076 1267 2101 1316 ε

941 1346 1481 1417 Ηονατὶαηινὶάεηηκ

947 1440 1130 1535 Versus
1147 1446 1339 1513 fenoris
1354 1439 1512 1541 bcq‘ue

943 1538 1233 1633 Nusquam
1261 1542 1437 1633 locaffl
1443 1537 1619 1638 juges.

857 1686 862 1694 -
945 1652 1024 1709 At
1040 1638 1250 1709 Arbiter
1264 1640 1479 1733 dfirrus

945 1736 1110 1807 Libris
1112 1734 1226 1830 suis
1226 1738 1567 1831 frequentat.

595 1836 682 1909 C.
722 1832 1038 2006 ὃὶξὲοηίιιε
1073 1834 1482 1934 Apollinaris
1538 1837 1989 1910 Arvernorum
2054 1830 2425 1943 Episcopus
2498 1838 2575 1909 in

593 1938 748 2009 Nar
841 1959 965 2009 ne:

844 2049 914 2107 Et
930 2052 988 2107 te
1004 2032 1397 2127 ufferfium
1408 2053 1505 2127 per
1520 2034 1693 2104 hmos
1714 2036 1853 2106 &c.

595 2128 732 2205 vbi
751 2130 845 2203 illi
863 2130 1258 2227 Mffloenssm
1275 2134 1415 2203 horti
1448 2131 1558 2229 (ut
1585 2129 1721 2203 hoc
1737 2129 1959 2205 obiter
1974 2128 2225 2227 dicam)
2267 2155 2407 2202 non
2427 2149 2574 2205 tam

593 2228 760 2303 mihi
775 2228 1036 2305 Arbitri
1053 2235 1330 2327 patriam
1350 2226 1713 2399 fiffinificare
1730 2228 2037 2305 videntur
2058 2284 2081 2317 ,
2098 2235 2301 2329 quam
2320 2254 2576 2317 mores,

645 2331 710 2400 ui
726 2354 812 2401 ex
843 2328 1158 2403 Plautino
1221 2353 1415 2400 rover
1464 2332 1533 2399 io
1556 2382 1577 2415 ,
1618 2334 1695 2401 &
1714 2327 2024 2402 Athenaei
2060 2328 2328 2399 historia
2347 2334 2573 2401 notati

619 2448 782 2504 unt.-
813 2434 894 2501 In
912 2430 1118 2501 veteri
1132 2354 1306 2501 ligre
1326 2426 1831 2499 Defloratorum
1852 2481 1875 2515 ‚
1893 2429 2012 2525 qui
2030 2422 2157 2498 fuit
2176 2426 2411 2511 Iohan.
2451 2432 2576 2498 Bi·-

595 2546 624 2597 t
711 2530 725 2543 '
926 2529 1140 2597 Ducis
1179 2580 1202 2613 ,
1259 2551 1400 2597 non
1438 2521 1642 2625 usque
1672 2524 1843 2597 adeo
1878 2521 2139 2598 vetusto
2178 2578 2203 2611 ‚
2264 2528 2578 2597 Petronii

595 2619 704 2697 fm
831 2623 1000 2697 hanc
1037 2620 1531 2723 inscriptionem
1562 2620 1808 2695 habent
1846 2648 1868 2693 ε
1917 2626 2148 2707 Petronii
2182 2624 2385 2694 Arbitri
2400 2624 2581 2713 Afra-

592 2746 682 2893 ²:12
709 2721 1517 2920 fflffldpssm
1540 2716 2577 2935 ssssssietfffflfflsffi

589 2916 1963 3136 ΨἻΞὛ
1990 2916 2571 3114 psas-235&

477 3196 491 3208 ,
589 3114 795 3216 longe
825 3138 1050 3191 tamen
1083 3116 1288 3191 almm
1324 3113 1411 3189 ab
1457 3113 1743 3189 Afranio
1778 3110 1968 3188 suissi:
2002 3136 2259 3187 certum
2275 3112 2392 3188 est.
2444 3119 2569 3189 Pi·-

589 3213 785 3287 thoeo
801 3214 1126 3291 accedunt
1146 3220 1306 3287 enlm
1342 3234 1453 3289 tot
1486 3212 1598 3286 alii
1635 3216 1919 3313 Satyrici
1937 3217 2324 3311 interpretes
2348 3264 2371 3301 ,
2408 3233 2564 3287 turn

589 3314 673 3387 P.
693 3313 935 3387 Daniel
957 3368 981 3402 ,
1031 3313 1142 3388 Cl.
1162 3316 1439 3388 Binetus
1460 3368 1481 3400 ‚
1502 3317 1582 3383 δε
1600 3317 1657 3385 Ι.
1679 3308 1908 3387 Dousa
1924 3334 2073 3411 pag.
2094 3310 2406 3385 editionis
2426 3312 2557 3383 hu-

577 3412 692 3509 jus
732 3415 867 3507 518
897 3467 920 3500 ,
955 3412 1042 3485 ad
1059 3409 1256 3486 verba
1290 3426 1425 3483 Nom
1458 3413 1589 3483 bene
1620 3414 1744 3496 olet,
1766 3416 1906 3485 διε.
1948 3414 2027 3483 86
2064 3434 2211 3510 pag.
2241 3434 2402 3506 524.
2442 3408 2557 3498 ad,

585 3514 796 3583 Prinna
832 3514 893 3583 in
930 3514 1053 3583 orbe
1086 3514 1204 3585 deos
1225 3552 1312 3581 --.
1373 3506 1613 3610 quibus
1648 3509 1819 3583 adde
1856 3532 2005 3609 pag.
2031 3532 2204 3605 427,
2237 3504 2371 3580 ibi:
2426 3523 2555 3580 Tros

583 3612 788 3681 tulerat
789 3606 1023 3702 fortuna
1037 3613 1207 3683 duces.
1255 3612 1383 3681 Ge.
1412 3607 1740 3685 Erhardus
1756 3604 1867 3683 seu
1894 3613 1999 3683 M.
2020 3608 2107 3680 C.
2126 3606 2555 3703 Lundorpius

586 3709 659 3777 in
700 3701 1080 3803 symbolis:
1129 3724 1262 3785 Non
1293 3709 1423 3781 bene
1452 3712 1645 3782 oleru.
1692 3702 1839 3783 Aut'
1864 3707 2191 3781 memoria
2230 3700 2437 3805 lapsus
2456 3706 2553 3781 est

585 3806 1039 3902 Hieronymus
1061 3860 1084 3897 ,
1129 3828 1242 3882 aut
1277 3805 1531 3885 versum
1566 3806 1749 3885 hunc
1782 3805 2111 3885 Martialis
2146 3802 2231 3878 ab
2268 3801 2553 3878 Arbitro

613 3972 621 3979 .
753 3904 758 3911 ’
2312 3906 2555 3978 Petro-
