2634 4509
1982 320 2065 383 61

193 414 476 483 tiflimam
496 412 690 478 haurit
708 410 1014 479 fortunata
1035 412 1204 477 mola-
1213 412 1403 478 buxea
1420 413 1585 499 piper
1598 414 1781 479 trinit.
1814 412 2063 498 sumptis

189 502 376 585 igitur
397 497 646 562 matheis
662 492 970 579 respiciens
985 498 1064 561 ad
1083 495 1369 562 familiam
1386 497 1723 562 ttimalchio
1742 544 1756 571 ,
1778 500 1921 581 quid
1942 516 2059 559 noa

189 582 590 741 isnqbtiajitadtbuc
607 576 1200 727 ἵρεὲὶεὲἰιίῑίεέἶζῖὶιῑέ
1217 597 1284 641 ut
1300 580 1651 727 agigmuenian't
1668 580 1743 641 ad
1764 580 2055 724 Offic5¹¹¹¹¹¹⁰

215 684 256 726 u
339 682 399 726 ti
491 682 692 725 urana
875 682 942 736 s,
1011 724 1014 727 ,
1081 683 1104 724 ι
1261 680 1318 725 ur
1496 678 2053 726 excamauereuae

187 748 310 831 gai.
347 683 624 808 bigarum
649 762 761 807 aue
773 745 873 827 gai
893 746 1028 808 hinc
1049 682 1306 825 primnilm
1327 742 1589 809 hilaritas
1606 744 1799 807 nostra
1814 744 2044 806 turbata
2070 758 2109 829 ς

189 828 294 894 est.
333 846 472 890 nam
493 846 632 890 cum
651 846 798 909 puer
828 848 946 889 non
982 824 1339 910 inspeciosus
1372 828 1528 890 inter
1562 845 1761 889 nouos
1792 822 2051 890 intraffet

191 908 488 975 ministros
507 956 527 985 ,
547 908 751 972 inualit
769 926 908 971 eum
923 907 1264 971 trimalchio
1283 910 1348 973 &
1366 907 1613 971 osculari
1632 910 1853 972 diutius
1870 910 2049 992 cepit,

192 996 389 1077 itaque
405 990 710 1055 fortunata
729 1009 793 1054 ut
809 1009 886 1053 ex
898 1006 1062 1075 equo
1073 990 1164 1053 im
1177 988 1414 1054 firmum
1432 990 1791 1075 approbaret
1810 1037 1829 1066 ,
1870 994 2055 1055 male-

189 1076 390 1140 dicere
403 1072 882 1138 trimalchionem
899 1075 1076 1158 cepit.
1113 1074 1180 1138 δι
1200 1090 1650 1155 purgamentum
1672 1071 2057 1158 dedecusque

193 1158 504 1245 predicare
541 1155 644 1251 qui
693 1174 812 1219 non
863 1158 1203 1219 contineret
1237 1155 1545 1219 libidinem
1583 1154 1769 1217 suam.
1826 1154 2049 1219 ultimo
2074 1174 2157 1221 ιο

190 1243 375 1303 etiam
392 1240 614 1303 adiecit
631 1284 650 1315 ,
689 1240 870 1302 canis.
905 1237 1242 1302 trimalchio
1259 1254 1475 1300 contra
1504 1236 1781 1300 confusus
1796 1235 2049 1303 offensus

189 1322 474 1388 conuicio
487 1320 732 1385 calicem
773 1323 834 1383 in
871 1319 1084 1385 faciem
1105 1318 1407 1383 fortunate
1440 1318 1700 1383 immisit.
1754 1319 1859 1382 llla
1894 1339 2048 1385 tam-

191 1424 380 1492 quam
397 1404 640 1467 oculum
659 1404 797 1487 perd
805 1402 995 1467 idisfet
1007 1450 1022 1477 ‚
1043 1401 1400 1467 exclamauit
1418 1448 1436 1477 ,
1458 1402 1771 1485 mnusque
1789 1419 2049 1467 tremen-

195 1506 284 1551 tes
301 1487 378 1550 ad
401 1485 610 1550 faciem
631 1485 792 1549 suam
810 1485 1103 1549 admouit.

272 1568 662 1635 Consternata
693 1568 776 1630 est
809 1568 990 1631 etiam
1023 1564 1333 1649 Scyntilla.
1381 1566 1899 1654 trepidantemque
1931 1564 2049 1630 finu
2077 1579 2159 1649 15-

191 1652 301 1715 suo
319 1652 488 1715 texit.
523 1652 718 1715 immo
737 1670 884 1733 puer
902 1668 1142 1735 quoque
1176 1648 1477 1715 officiosus
1493 1699 1511 1727 ,
1554 1652 1861 1715 urceolum
1885 1650 2053 1730 frigi·

191 1738 342 1799 dum
357 1734 436 1796 ad
455 1732 676 1797 malum
696 1735 820 1797 eius
835 1733 1132 1797 admouit.
1181 1731 1347 1817 super
1362 1752 1537 1818 quem
1556 1732 1903 1797 incumbens
1919 1732 2050 1793 for·

188 1834 398 1881 runata
411 1834 672 1900 gemere,
692 1835 762 1878 ac
775 1815 916 1878 flere
930 1816 1110 1901 cepit.
1127 1834 1341 1880 contra
1356 1816 1711 1888 trimalchio,
1725 1816 1868 1899 quid
1888 1813 2045 1875 enim

189 1899 382 1984 inquit
393 1896 706 1963 ambubaia
721 1918 842 1963 non
861 1916 960 1961 me
977 1896 1129 1961 mifit
1149 1898 1284 1962 sede
1299 1900 1639 1962 machillam
1656 1900 1821 1961 illam
1842 1894 2049 1959 sustuli.

193 1984 502 2045 hominem
531 1982 686 2045 inter
719 1982 994 2044 homines
1011 1980 1172 2047 feci?
1209 1998 1273 2044 at
1289 1980 1449 2044 inflat
1470 1981 1525 2045 se
1544 1998 1845 2064 tamquam
1868 1998 2006 2043 rana
2022 2024 2040 2051 ,
2066 1991 2166 2042 20

193 2068 259 2129 δε
273 2063 534 2129 infinum
553 2064 715 2128 suum
737 2062 1028 2145 conspuit.
1065 2062 1264 2126 codex
1281 2084 1401 2127 non
1420 2065 1633 2127 mulier
1652 2110 1671 2138 ,
1714 2065 1810 2125 sed
1832 2064 1925 2124 hic
1944 2060 2051 2144 qui

189 2150 248 2212 in
265 2146 506 2231 pergula
525 2164 692 2210 natus
705 2146 806 2219 est,
827 2150 968 2211 edes
982 2164 1102 2209 non
1121 2143 1461 2217 somniatur,
1484 2149 1569 2211 ita
1586 2146 1820 2231 genium
1838 2163 2049 2207 meum

187 2226 1738 2397 {⁰33⁰sssslbffsszssffissdssikffiffssssffss
1754 2226 2053 2391 2²2⁵}ssss

188 2394 362 2480 potui
393 2394 502 2469 scis
537 2414 607 2457 tn
640 2413 740 2459 me
772 2414 896 2457 non
925 2392 1182 2458 mentiri.
1229 2410 1417 2476 agato
1452 2396 1867 2474 unguentarius
1900 2394 2041 2451 here
2060 2400 2147 2470 25¹

188 2479 465 2563 proxime
493 2474 724 2541 seduxit
751 2496 884 2551 me,
926 2478 993 2542 &
1019 2474 1242 2538 suadeo
1255 2477 1445 2559 inquit
1460 2496 1579 2539 non
1641 2478 1840 2539 atiaris
1855 2490 2041 2556 genus

187 2578 357 2623 tuum
399 2561 660 2625 interire.
719 2561 800 2623 Ar
835 2577 952 2654 ego
983 2558 1130 2622 dum
1171 2558 1426 2623 bonatus
1444 2578 1565 2637 ago
1663 2557 1813 2620 nolo
1848 2554 2048 2619 uideri·

69 2658 77 2663 ’
187 2642 334 2707 leuis
347 2642 470 2727 ipse
483 2644 634 2707 mihi
649 2645 867 2707 assiam
883 2662 944 2705 in
961 2660 1094 2705 crus
1111 2641 1354 2725 impegi.
1390 2640 1549 2705 tecte
1564 2638 1789 2705 curalio
1822 2656 1919 2701 me
1934 2656 2043 2699 un·

189 2728 400 2809 genibus
436 2743 672 2812 queras.
713 2727 778 2789 δι
812 2742 881 2787 ut
907 2721 986 2787 de
1002 2718 1429 2807 ‘presentiarum
1446 2725 1739 2807 intelligas
1770 2724 1911 2809 quid
1932 2719 2045 2783 tibi

187 2808 402 2873 feceris
419 2808 676 2872 habinna
699 2808 846 2871 nolo
879 2808 1123 2869 statuam
1141 2812 1268 2870 eius
1283 2808 1345 2869 in
1360 2822 1755 2871 monumento
1774 2824 1917 2868 meo
1931 2823 2043 2885 po-
2068 2818 2165 2885 30

188 2912 298 2953 nas
333 2910 406 2953 ne
439 2909 712 2957 mortuus
746 2890 986 2975 quidem
1007 2890 1142 2951 lites
1177 2890 1444 2951 habeam.
1492 2892 1623 2953 imo
1656 2906 1734 2949 ut.
1763 2888 1905 2951 sciat
1942 2902 2043 2947 me

55 2976 64 2987 '
190 2974 350 3057 poffe
383 2976 616 3040 malum
647 2976 790 3038 dare
821 2972 974 3037 nolo
1007 2990 1106 3033 me
1139 2990 1447 3035 mortuum
1487 2971 1687 3036 baiiet.
1722 2968 1887 3033 ..Post
1926 2970 2045 3028 hoc

187 3054 418 3117 fulmen
436 3056 713 3121 hab'innas
731 3074 944 3135 rogare
957 3056 1118 3137 cepit
1137 3102 1155 3129 ‚
1193 3072 1260 3119 ut
1291 3053 1417 3117 iam
1448 3048 1937 3118 delineret-irasci.
1974 3050 2045 3113 &

188 3141 408 3201 nemoi
491 3141 578 3201 uit
595 3158 712 3202 oon
729 3136 992 3202 nostrum
1003 3156 1233 3223 peccat.
1270 3136 1754 3201 homiues‘sumus
1787 3153 1905 3197 non
1926 3132 2045 3193 dei.

185 3214 360 3285 laem
378 3218 444 3282 δε
485 3222 728 3301 cyntilla
759 3221 902 3285 flens
933 3220 1084 3285 dixit
1104 3269 1123 3297 ,
1159 3240 1232 3283 ac
1263 3238 1370 3303 per
1398 3222 1639 3301 genium
1677 3221 1801 3282 eius
1834 3216 2039 3301 gaium
2060 3216 2140 3299 35
2166 3228 2177 3237 ·

185 3300 542 3385 appellando
577 3322 790 3379 rogare
823 3305 1019 3387 cepit,
1059 3324 1126 3368 ut
1143 3300 1505 3385 effrangeret.
1541 3303 1867 3368 non‘tenuit
1884 3298 2043 3385 ultra

185 3384 460 3451 lacrimas
477 3382 838 3447 trimalchio.
872 3387 939 3449 &
959 3406 1116 3470 rogo
1131 3389 1320 3471 inquit
1338 3386 1587 3451 habinna
1610 3435 1627 3461 ‚
1648 3386 1723 3451 iio
1740 3382 2041 3471 peculium

185 3484 358 3532 tuum
377 3465 560 3533 frunis
579 3469 756 3529 canis.
795 3464 832 3528 fi
854 3468 992 3550 quid
1015 3490 1323 3553 perperam
1344 3470 1455 3533 feci
1474 3518 1492 3545 ,
1532 3473 1591 3533 in
1608 3469 1821 3531 faciem
1840 3482 2048 3528 meam

183 3554 402 3635 inspue.
429 3567 704 3695 ‘puerum
741 3547 954 3611 bafi.1ni
991 3550 1445 3637 frugaoliffimum
1480 3572 1601 3615 non
1636 3564 1882 3632 propter
1918 3545 2047 3609 for-

186 3654 350 3705 mam
374 3680 392 3708 ,
452 3634 528 3695 ed
550 3633 683 3715 quia
703 3628 856 3711 frugi
874 3630 974 3693 est.
1012 3636 1226 3696 decem
1259 3652 1459 3719 partes
1488 3634 1684 3697 dicit..
1712 3632 1929 3694 librum
1968 3628 2145 3711 ab4o

187 3719 372 3782 oculo
406 3715 566 3800 legit.
620 3716 898 3778 thretium
921 3712 1339 3793 fibidediarijs
1376 3714 1535 3777 fecit.
1586 3715 1927 3779 attiss'elium
1964 3713 2045 3772 de

187 3802 296 3866 suo
316 3801 578 3885 parauita·
595 3800 834 3867 &duas
853 3798 1092 3865 tmnu..
1107 3816 1232 3865 uon
1249 3798 1340 3883 eil:⁸
1348 3798 1563 3883 dignus
1576 3816 1757 3882 quem
1772 3800 1829 3863 in
1854 3794 2061 3859 oculis,
2158 3870 2165 3877 ο
2286 3817 2293 3828 ·
2322 3868 2334 3877 ,

1145 3882 1200 3973 E
1240 3900 1274 3970 3
1814 3880 2001 3943 feram
2019 3874 2051 3936 ἓ
