2634 4509
2022 238 2101 314 57

229 306 316 399 'eit
333 331 400 398 δι
415 326 623 397 stertit.
660 348 799 396 nam
823 328 991 415 qnod
1007 326 1318 395 strabonus
1336 327 1415 393 est
1432 334 1553 393 'non
1570 334 1739 394 curo.
1755 328 1899 393 sicut
1914 348 2100 395 uenus

227 416 456 500 speetat
474 462 492 491 ,
529 414 670 479 ideo
688 414 830 477 nihil
862 430 1026 476 tacet
1047 459 1064 486 ,
1103 414 1205 475 uix
1240 413 1423 476 oculo
1456 416 1705 476 mortuo
1740 428 1995 497 unquam
2032 414 2100 475 il-

228 500 355 563 lum
374 500 540 561 emit.
577 496 818 577 terentis
835 494 1086 559 denariis
1103 496 1497 579 interpellauit
1532 495 1867 579 loq'uente‘m
1888 494 2101 557 scintil-

226 582 288 645 la
309 600 328 645 :
370 582 438 643 &
455 580 624 663 plane
641 578 830 661 inquit
849 598 970 641 non
988 580 1194 645 omnia
1211 578 1457 641 artificia
1479 576 1651 643 serui.
1696 596 1939 661 nequam
1960 595 2099 640 nar·

227 682 326 726 ras
342 682 376 725 a
424 682 530 745 aga
547 660 628 725 est
647 677 710 725 at
725 662 958 724 curabo
975 660 1246 743 stigmam
1270 660 1509 725 habeat.
1566 660 1711 725 Rifit
1729 660 2089 724 trimalchio·
2120 674 2159 745 5

228 748 298 809 δε
313 766 346 808 a
391 745 696 827 cognosco
712 744 904 827 inquit
919 746 1314 828 capadocem.
1352 744 1495 808 nibil
1523 742 1627 807 fibi
1647 742 1948 806 defraudit
1966 788 1985 816 ,
2024 742 2093 805 δε

223 845 327 890 me
343 827 607 889 hercules
625 826 806 889 laudo
821 823 1011 889 illum.
1053 826 1170 888 hoc
1188 826 1345 889 enim
1366 844 1547 890 nemo
1570 842 1864 910 parentat.
1903 842 1967 887 tu
1984 846 2095 887 au·-

223 926 352 973 tem
373 909 662 991 Scyntilla
683 908 804 971 noli
823 906 1083 992 zelotipa
1101 906 1232 975 effe.
1274 908 1459 971 crede
1492 909 1639 972 mihi
1677 908 1743 972 δι
1780 902 1894 970 'uos
1926 908 2097 971 noni·

221 1006 383 1066 ωας,
400 990 478 1054 fic
495 1002 596 1053 me
615 990 836 1055 saluum
859 990 1146 1065 habeatis,
1167 1006 1232 1051 ut
1250 1010 1369 1085 ego
1386 990 1463 1055 lic
1482 989 1743 1055 solebam
1764 990 1947 1073 ipsum
1965 1010 2095 1054 am·-

219 1090 422 1137 meam
441 1074 624 1137 debat
643 1088 828 1149 tuere,
853 1086 919 1133 ut
935 1073 1114 1137 etiam
1131 1074 1417 1137 dominus
1436 1070 1833 1154 suspicaretur.
1866 1074 1930 1135 &
1952 1074 2091 1137 ideo
2112 1087 2195 1136 10

219 1172 324 1219 me
344 1158 404 1219 in
419 1158 477 1217 ui
485 1155 841 1221 nicationem
859 1156 1161 1239 relegauit.
1197 1154 1295 1220 sed
1315 1171 1471 1219 tace.
1511 1155 1769 1237 linguam
1802 1154 1967 1219 dabo
1986 1175 2093 1239 pa·

219 1258 385 1303 nem.
422 1236 586 1302 Tam
631 1257 770 1303 uam
791 1238 1056 1303 laudatus
1073 1236 1210 1301 esset
1227 1236 1605 1321 nequiffimus
1624 1236 1819 1302 s‘etuus
1838 1285 1856 1311 ,
1893 1239 2094 1301 lucer-

215 1342 356 1385 nam
375 1320 454 1384 de
469 1320 588 1383 sinu
645 1322 838 1385 &ilem
859 1322 1126 1406 protulit,
1147 1322 1212 1385 δε
1231 1322 1487 1401 amplius
1501 1320 1782 1409 similiora
1798 1320 2091 1383 tubicines

216 1406 490 1469 imitatus
505 1404 588 1467 est
605 1451 638 1478 ,.
663 1404 995 1468 succinente
1015 1404 1220 1467 habina
1241 1450 1258 1479 ,
1298 1400 1627 1469 &inferius
1658 1402 1887 1466 labrum
1909 1420 2087 1465 manu

214 1486 612 1570 deprimente.
649 1487 866 1551 ultimo
889 1489 956 1551 δε
972 1488 1028 1549 in
1046 1488 1312 1551 medinm
1334 1480 1617 1570 ptoceflit
1634 1532 1651 1559 ,
1674 1486 1739 1549 fle
1760 1488 1958 1549 modo
1983 1485 2081 1547 ha·
2107 1494 2189 1565 ις

211 1569 558 1633 rondinibus
573 1567 786 1651 quaffis
805 1570 1116 1632 choraulas
1133 1570 1397 1633 imitatus
1414 1568 1515 1630 est.
1546 1567 1741 1631 modo
1757 1567 2085 1631 lacernatus

211 1666 352 1714 cnm
369 1649 602 1733 flagello
619 1652 954 1715 molionum
977 1650 1097 1713 fata
1111 1652 1236 1734 egit
1253 1651 1449 1714 donec
1484 1662 1765 1715 uocatum
1802 1652 1879 1713 ad
1900 1652 1957 1715 se
1976 1652 2083 1713 ha-

211 1732 420 1795 binnas
441 1731 731 1796 baffiauit.
813 1735 1202 1819 otionemque
1235 1733 1317 1796 illi
1351 1734 1642 1817 porrexit.
1681 1734 1749 1797 &
1765 1748 1933 1795 tanto
1950 1749 2081 1794 me-

209 1816 329 1879 lior
347 1814 534 1896 inquit
554 1816 726 1878 masia
791 1835 913 1879 ono
932 1817 1038 1879 tibi
1059 1816 1325 1897 calligas.
1362 1818 1643 1879 nec-ullus
1662 1830 1757 1877 tot
1772 1816 2069 1878 malorum

207 1899 337 1960 linis
357 1894 563 1971 fuisset,
588 1898 686 1961 nisi
704 1899 994 1981 epidipnis
1011 1894 1148 1961 esset
1165 1898 1359 1969 allata,
1378 1898 1567 1961 turdis
1584 1898 1783 1979 iligine
1800 1898 1929 1960 uuis
1946 1895 2071 1981 pas-
2089 1906 2178 1957 20

208 1980 280 2045 fis
295 1978 658 2065 micibusque
673 1980 854 2045 farsis.
870 1981 1124 2044 insecuta
1146 1978 1273 2045 sunt
1294 1980 1569 2054 cido'nea‚
1588 1982 1771 2045 etiam
1792 1978 1943 2043 mala
1960 1978 1995 2041 s
2024 1980 2076 2043 i-

211 2064 299 2125 nis
315 2060 644 2131 confixa‚ut
657 2064 904 2128 echinos
923 2062 1251 2129 efficerent.
1289 2064 1355 2127 δε
1373 2066 1482 2143 hec
1500 2066 1753 2146 quidem
1762 2064 1981 2127 tollera
2028 2065 2077 2125 i-

205 2146 284 2207 lia
301 2162 469 2208 erant
494 2192 510 2217 ,
530 2145 569 2208 fi
590 2160 708 2209 non
727 2144 1034 2211 fericulum
1055 2147 1232 2230 longe
1249 2144 1669 2210 monstruosius
1684 2141 1953 2209 effecisset
1968 2192 1985 2220 ,
2004 2162 2075 2208 ut

205 2228 302 2289 uel
323 2225 476 2289 fame
492 2231 688 2313 perire
705 2228 1016 2291 malemus‘.
1040 2249 1175 2292 nam
1194 2244 1333 2291 cum
1354 2226 1573 2311 politus
1590 2227 1818 2301 effet‚ut
1834 2246 1945 2292 nos
1964 2246 2072 2312 pu·

205 2310 480 2371 tabamus
503 2308 672 2373 anser
685 2311 866 2374 altilis
880 2310 1196 2397 circhaqne
1223 2310 1408 2393 pisces
1441 2312 1507 2373 &
1542 2312 1812 2374 omnium
1851 2327 2065 2393 genera
2084 2316 2170 2387 25

200 2396 400 2455 auium
421 2438 438 2465 ,
472 2393 658 2475 inquit
675 2394 1018 2457 trimalchio
1033 2394 1316 2479 quicquid
1337 2394 1557 2457 uidetis
1596 2394 1691 2457 hic
1711 2390 1963 2475 pofitum
1986 2392 2066 2457 de

199 2474 694 2621 3233322253?
711 2474 986 2623 ῗεῗέἶῖἆὲι
997 2476 1128 2623 ΕΞΞ
1143 2472 2071 2623 ῗέῗῖῑὲἓῃῖῗοῖἑῖἓξὶῗὲἓῗ

202 2640 380 2703 rabor
395 2636 639 2723 inquam
661 2579 760 2705 nqifi
783 2598 1108 2706 omnia⁰ista
1139 2578 1375 2703 deficta
1394 2639 1429 2705 t
1448 2578 1575 2705 sun}
1595 2690 1611 2713 ,
1652 2658 1758 2703 aut
1792 2657 1957 2703 certe
1986 2640 2067 2700 de
2086 2630 2113 2679 ‘s
2132 2622 2319 2739 6θῆῗὲ
2361 2686 2371 2695 .

199 2722 334 2786 luto
355 2721 477 2784 uidi
497 2742 666 2786 rome
683 2722 1066 2789 saturnalibus
1097 2723 1399 2787 eiusmodi
1430 2742 1709 2787 cenarum
1746 2723 2061 2817 imaginem
2085 2692 2233 2812 ζμ*
2260 2692 2373 2753 ‘²¹²⁶‘

197 2804 346 2869 fieti.
379 2808 632 2869 necdum
657 2804 918 2871 finieram
936 2803 1270 2871 sermonem
1287 2852 1304 2881 ,
1330 2804 1824 2877 cumtrimalchio
1839 2823 1942 2869 ait.
1974 2806 2061 2867 ita

196 2888 458 2951 crescam
477 2885 842 2983 patrimonio
860 2898 978 2952 non
996 2906 1260 2971 corpore
1274 2935 1291 2962 ,
1317 2906 1397 2983 ‘ut
1432 2889 1541 2952 ista.
1569 2892 1773 2949 cocus*
1794 2904 1961 2949 meus
1978 2885 2060 2980 de

193 2968 2059 3137 523311222‘2253203‘532ffssdszizffissfflss·pszz⁰ss:ff
2154 3054 2159 3059 -

195 3137 510 3227 turem‚‚de
524 3138 803 3220 colaepio
817 3136 1086 3221 gallinam
1111 3158 1131 3211 ,·
1168 3136 1234 3199 &
1251 3136 1395 3198 ideo
1413 3136 1645 3221 ingenio
1660 3141 1803 3197 m'eo
1817 3130 2055 3215 impoli·
2082 3146 2165 3221 35

192 3232 322 3277 tum
343 3214 428 3277 est
445 3216 528 3279 illi
549 3236 770 3283 nomen
790 3218 1185 3285 belliflimum.
1221 3238 1361 3285 nam
1394 3219 1641 3282 dedalus
1662 3232 1913 3280 uocatur
1934 3262 1951 3289 ‚
1990 3216 2061 3281 δε

194 3298 330 3382 quia
348 3296 570 3383 bonam
585 3317 850 3366 mentem
871 3302 1052 3367 habet
1067 3302 1260 3366 attulit
1301 3302 1385 3366 illi
1430 3302 1605 3365 romi
1642 3300 1791 3364 nnus
1827 3300 2061 3362 cultros

196 3382 408 3444 norico
431 3379 614 3454 ferro,
629 3400 784 3467 quos
801 3380 996 3447 statim
1013 3382 1172 3448 inffit
1188 3381 1397 3449 afferri.
1440 3383 1841 3469 inspestosque
1879 3378 2063 3444 mira·

192 3479 286 3526 tus
301 3462 401 3525 est.
429 3462 608 3527 etiam
631 3463 806 3527 nobis
823 3466 1168 3547 potestatem
1189 3466 1351 3539 fecit,
1370 3484 1435 3526 ut
1452 3469 1799 3529 mucronem
1820 3466 1893 3525 ad
1916 3465 2057 3525 buc·

190 3564 320 3609 cam
341 3543 950 3631 probaremus.subito
967 3546 1335 3610 intranei-unt
1352 3549 1477 3609 duo
1495 3547 1643 3611 serui
1658 3563 1930 3625 tanquam
1952 3543 2050 3629 qui
2071 3554 2161 3626 40

191 3630 380 3693 riitam
398 3630 474 3692 ad
495 3629 693 3692 lacum
713 3624 987 3693 fecissent.
1028 3643 1190 3691 certe
1223 3630 1282 3692 in
1318 3630 1463 3690 loco
1499 3628 1699 3690 adhuc
1734 3630 2054 3723 amphoras

190 3710 503 3781 habebant.-
537 3730 680 3777 cum
695 3728 842 3797 ergo
861 3710 1307 3856 trimalchiiius
1323 3713 1477 3774 inter
1490 3710 1785 3800 litigantes
1798 3712 2049 3853 dicerteettf

1840 3810 1953 3856 neu
2020 3854 2023 3857 ,
