2634 4509
595 430 898 495 clamanit.
934 428 1264 523 excipimus
1281 428 1672 494 urbanitatem
1692 430 1943 496 iocantis
1962 478 1981 506 ,
2016 431 2233 495 &ante
2244 449 2468 497 omnes

493 529 502 535 ·
597 532 923 598 agamenon
941 558 957 584 ,
995 530 1096 593 qur
1131 510 1352 575 sciebat
1383 511 1596 596 quibus
1618 516 1849 577 meritis
1866 518 2339 578 reuocareturad
2362 534 2469 578 ce·-

597 615 758 661 nam.
807 610 1073 657 ceterum
1107 594 1381 658 laudatus
1416 596 1753 659 trimalchio
1790 598 1993 661 ilarius
2029 597 2183 660 bibit
2198 598 2385 661 etiam
2400 616 2473 659 e-

595 680 735 743 brio
767 678 1101 761 proximus.
1153 696 1336 741 nemo
1368 679 1557 761 inquit
1590 678 1839 741 uestrum
1876 697 2049 763 rogat
2088 679 2465 755 fortunatam

535 774 574 841 ς
599 780 795 825 meam
817 776 882 821 ut
899 756 1082 821 saltet.
1119 759 1348 823 credite
1366 762 1536 822 mihi.
1578 762 1893 825 cordacem
1916 781 2095 825 nemo
2112 764 2327 827 melius
2344 763 2467 825 du-

595 842 2465 1009 ,⁶1³3affffililitssfflzcsszssztffissssiffi122mm·

597 1010 864 1071 madeia:
899 1010 966 1069 δε
1043 1006 1282 1070 rodiffet
1315 1010 1375 1071 in
1412 1008 1677 1073 medium
1700 1009 1801 1074 nisi
1828 1008 2463 1087 fortunataadaurem

600 1089 916 1153 acceffillet
931 1138 948 1163 ‚
1075 1090 1262 1152 credo
1279 1090 1495 1153 dixerit
1513 1138 1532 1165 ,
1572 1111 1692 1155 non
1720 1097 1939 1155 decere
1956 1094 2313 1176 grauitatem
2330 1093 2464 1171 ejus

498 1190 586 1243 πο
602 1193 728 1237 tarn
747 1174 996 1235 humiles
1015 1173 1278 1255 ineptias.
1315 1174 1459 1235 nihil
1492 1191 1693 1237 autem
1714 1190 1836 1237 tam
1857 1176 2283 1259 inequalemt.
2318 1192 2460 1237 nam

601 1258 800 1321 modo
817 1254 1182 1317 fortunatam
1219 1254 1376 1317 suam
1414 1258 1821 1320 reuertebatur
1836 1260 2031 1319 modo
2048 1256 2123 1318 ad
2142 1272 2415 1321 naturam
2436 1302 2458 1330 ‚

599 1340 852 1423 &plane
869 1337 1260 1417 interpellauit
1291 1336 1609 1401 saltationis
1640 1340 1945 1403 libidinem
1978 1341 2311 1415 actuarius..
2354 1340 2460 1422 qui

600 1440 880 1507 tanquam
919 1422 1080 1483 urbis
1109 1420 1234 1484 a&
1266 1422 1558 1483 recitauit.
1616 1436 1765 1485 v11⁰
1779 1422 2088 1485 Kalendas
2122 1422 2361 1487 sextiles
2396 1423 2459 1484 in

601 1504 816 1589 predio
833 1502 1117 1566 Cumano
1193 1504 1315 1564 uod
1352 1502 1437 1563 est
1464 1504 1943 1567 ·trimalcbionis.·
1966 1506 2089 1567 nati
2127 1505 2254 1567 sunt
2288 1504 2459 1587 pueri

503 1599 584 1669 15
605 1592 783 1650 xxxfl.
815 1586 1010 1671 puelle
1025 1604 1128 1649 ιιι.
1185 1586 1385 1646 ublata
1420 1585 1479 1649 in
1514 1604 1753 1649 orreum
1788 1606 1865 1649 ex
1894 1606 2033 1650 area
2066 1587 2252 1650 tritici
2268 1586 2458 1649 millia

597 1668 874 1735 modium
893 1670 1235 1752 quingenta.
1273 1666 1459 1731 boues
1492 1669 1710 1733 domiti
1744 1672 2069 1755 quingenti.
2098 1670 2321 1731 eodem
2354 1668 2461 1731 die

597 1750 904 1818 mitridate
921 1752 1112 1813 lmus
1131 1750 1188 1813 in
1205 1768 1444 1812 crucem
1463 1754 1625 1814 aetus
1660 1752 1739 1814 est
1758 1798 1775 1825 ,
1814 1752 2059 1839 quiagai
2073 1751 2253 1815 nostri
2274 1751 2455 1835 genio

595 1836 1008 1899 maledixerat.
1047 1834 1264 1894 eodem
1283 1833 1677 1898 dieinarcam
1697 1834 1946 1899 relatum
1958 1835 2045 1897 est
2064 1880 2082 1909 ,
2120 1834 2287 1918 quod
2320 1832 2457 1895 col-

599 1920 786 1981 locari
827 1938 946 1980 non
983 1916 1178 1998 potuit
1215 1914 1569 1981 sextercium
1602 1918 1845 1980 centies.
1879 1920 2105 1981 eodem
2134 1918 2237 1980 die
2252 1918 2457 1981 incen-

490 2006 582 2058 20
601 2004 768 2063 dium
803 2000 1020 2062 facium
1059 1998 1140 2061 est
1175 1999 1238 2059 in
1263 2000 1417 2059 ortis
1449 2001 1815 2084 pompeianis
1835 2047 1852 2073 ,
1888 2018 2093 2063 ortum
2116 2018 2202 2063 ex
2234 1998 2455 2062 edibus

595 2082 752 2146 naste
771 2082 974 2145 uillici.
1009 2078 1156 2165 quid
1189 2081 1381 2161 inquit
1408 2084 1753 2145 trimalchio
1786 2084 2023 2163 quando
2038 2084 2183 2145 mibi
2200 2101 2347 2167 pom

593 2166 704 2229 iani
725 2171 846 2229 otti
863 2166 1053 2245 empti
1069 2161 1238 2224 sunt?
1273 2179 1431 2223 anno
1445 2166 1645 2246 priore
1658 2166 1845 2249 inquit
1862 2166 2153 2228 actuarius
2174 2212 2191 2238 ,
2224 2165 2324 2227 δι’
2372 2181 2453 2225 eo

595 2250 653 2310 in
673 2250 962 2311 rationem
999 2248 1264 2307 nundum
1301 2260 1603 2309 uenerunt.
1636 2248 1951 2311 excanduit
1966 2248 2303 2311 trimalchio
2324 2294 2345 2319 ,
2378 2246 2451 2310 δε

593 2331 1124 2413 quicunqueinquit
1141 2328 1286 2391 mihi
1319 2326 1489 2391 fundi
1522 2332 1712 2413 empti
1741 2329 1999 2404 fixerint,
2033 2330 2137 2394 nis:
2150 2333 2305 2394 intra
2320 2329 2451 2393 sex·-

410 2430 414 2433 ’
489 2425 570 2493 25
595 2432 721 2474 tum
743 2412 996 2475 mensem
1019 2413 1202 2473 lciero
1235 2406 1291 2471 in
1330 2413 1589 2474 rationes
1624 2430 1791 2475 meae
1822 2413 2027 2477 inferri
2060 2429 2285 2491 uetu03
2324 2412 2443 2490 jam

427 2494 438 2501 '
589 2499 769 2558 etiam
790 2495 978 2557 edicta
995 2494 1238 2557 edilium
1259 2494 1693 2569 recitabantur,
1732 2496 1799 2557 δε
1830 2496 2239 2561 saltuariorum
2274 2493 2445 2558 testa-

589 2592 785 2640 menta
806 2626 822 2651 ‚
861 2580 1078 2660 quibus
1113 2573 1455 2641 trimalchio
1489 2597 1627 2642 cum
1668 2579 1863 2661 elegio
1878 2579 2291 2642 exerdebatur.
2326 2578 2441 2654 iam

589 2663 830 2724 nomina
865 2660 1203 2722 uillicorum
1227 2706 1243 2729 ‚
1283 2663 1350 2722 &
1382 2662 1689 2743 repudiata
1722 2680 1755 2721 a
1790 2660 2197 2724 circumitore.
2234 2661 2445 2723 liberta

588 2746 648 2807 in
671 2740 1032 2803 balneatoris
1063 2744 1463 2805 contubernio
1492 2742 1849 2826 deprehensa
1868 2788 1886 2817 ‚
1928 2742 2265 2806 &atrienfis
2282 2742 2447 2805 baias

481 2834 569 2913 30
590 2828 882 2908 relegatus
902 2873 919 2896 ,
959 2826 1076 2887 iam
1101 2842 1238 2886 reus
1254 2825 1441 2888 faetus
1458 2824 1831 2910 dispensator
1846 2873 1864 2899 ,
1902 2826 2267 2891 &iudicium
2288 2827 2448 2885 inter

583 2910 986 2972 cubicularios
1001 2906 1222 2972 astum.
1257 2908 1630 2993 petauristarij
1646 2926 1843 2971 autem
1860 2910 2103 2971 tandem
2119 2922 2405 2971 uenaunt
2420 2952 2439 2979 ,

583 2990 736 3055 baro
769 2990 1160 3053 insulsiffimus
1197 3010 1339 3054 cum
1376 2991 1545 3053 scalis
1579 2991 1845 3054 constitit
1880 3008 2247 3077 puerumque
2276 2988 2442 3068 iuflit

584 3086 690 3173 'per
707 3080 928 3157 gradus
949 3121 964 3145 ,
986 3074 1052 3143 &
1072 3077 1130 3135 in
1149 3072 1375 3137 summa
1394 3090 1559 3155 parte
1577 3074 1783 3136 odaria
1804 3073 2035 3147 saltare,
2054 3075 2311 3139 circulos
2328 3076 2443 3133 de-

583 3158 726 3221 iude
759 3160 1034 3218 ardentes
1065 3156 1304 3220 tranfire
1324 3204 1341 3229 ‚
1378 3158 1451 3218 &
1482 3154 1755 3219 dentibus
1786 3158 2117 3238 anphoram
2156 3158 2443 3219 sustinere.

480 3244 564 3318 35
585 3238 904 3301 mirabatur
920 3240 1028 3300 hec
1051 3238 1206 3299 solus
1223 3238 1571 3301 trimalchio
1592 3285 1609 3311 ,
1644 3237 1999 3321 dicebatque
2032 3243 2331 3323 ingratum
2346 3258 2443 3301 ar·-

585 3322 833 3384 tificium
851 3319 982 3381 effe.
1016 3338 1284 3382 ceterum
1302 3322 1427 3381 duo
1444 3320 1556 3382 effe
1590 3322 1646 3383 in
1682 3320 1859 3384 rebus
1898 3317 2167 3386 humanit
2186 3372 2208 3398 ,
2236 3322 2441 3408 queli-

581 3402 914 3467 bentiflime
929 3400 1216 3487 spectaret
1235 3448 1250 3475 ,
1287 3402 1723 3485 petauristarios
1745 3452 1764 3479 ,
1802 3407 1867 3468 &
1894 3408 2187 3471 cornices,
2220 3407 2442 3487 reliqua

576 3488 853 3549 animalia
877 3482 1330 3548 Cromataricas
1346 3504 1539 3548 meras
1552 3486 1685 3550 effe.
1706 3506 1840 3549 nam
1860 3490 1927 3550 δι
1940 3491 2237 3551 comedos
2254 3489 2445 3569 inquit

575 3569 929 3641 emeram&
945 3568 1127 3631 malui
1147 3567 1285 3631 illos
1299 3568 1539 3633 atellam
1558 3568 1845 3643 facere&
1868 3571 2213 3636 choraulem
2232 3591 2439 3633 meum

469 3651 552 3721 40
577 3650 701 3727 juffi
726 3654 903 3714 latin-e
923 3668 1176 3721 cantare,
1195 3670 1333 3731 cum
1358 3654 1614 3715 maxime
1634 3654 1739 3715 bec
1760 3654 2003 3716 dicente
2013 3658 2153 3733 gaio
2172 3672 2317 3738 puer
2333 3656 2441 3715 tri·
2571 3726 2579 3731 ¹

573 3733 1234 3816 malchionis-delapsus
1269 3736 1351 3797 est
1386 3738 1787 3799 conclamavit
1826 3736 2069 3800 familia.
2108 3756 2219 3799 nec
2240 3737 2441 3798 minus

267 3814 296 3863 ‘s
332 3816 548 3875 putidum
571 3821 826 3884 conuiue
847 3864 865 3893 ,
909 3836 1028 3880 non
1047 3837 1294 3904 propter
1313 3821 1615 3883 hominem
1636 3836 1759 3885 tam
1776 3822 1815 3889 t
1830 3821 2103 3905 puditum
2122 3823 2286 3885 cuius
2304 3864 2323 3889 ‚
2368 3820 2439 3913 85

565 3920 578 3933 .
2115 3948 2123 3958 ,
2244 3918 2442 3968 cerv}-
