2634 4509
712 240 1725 320 APoLoota.
2176 262 2231 349 3

230 368 262 423 r
335 354 672 423 tehenfione
699 360 776 421 ad
798 358 1152 441 captandam
1188 358 1543 422 eruditionis
1577 356 1829 441 gloriam
1850 356 2220 440 abuteretur·

313 441 438 504 ulto
475 462 729 525 namque
765 441 936 505 satius
970 440 1136 504 duco
1173 444 1453 524 ignotum
1489 462 1589 505 me
1628 441 1739 504 effe
1775 442 1954 585 {uam
1976 458 2082 522 per
2099 458 2218 523 op-

230 526 474 610 probria
505 526 570 587 &
589 522 902 587 maledicta
921 570 940 598 ‚
962 524 1139 588 etiam
1161 524 1314 588 falso
1334 523 1574 603 jactata,
1600 522 1770 587 inseri
1815 541 1961 587 amae
1995 525 2062 586 &
2078 540 2219 585 eru-

228 610 499 670 ditorum
537 606 898 669 sermonibus
934 605 1223 671 celebrari
1258 632 1282 685 3
1317 609 1462 691 quip
1492 625 1538 667 e
1575 609 1675 689 qui
1710 604 1841 669 satis
1880 606 2207 688 intelligam

227 691 406 751 etiam
428 692 558 752 vitae
578 708 680 772 per
698 689 984 753 mentium
1007 689 1165 764 astae,
1189 690 1255 751 δε
1271 708 1463 772 procu
1504 691 1541 752 a
1558 708 1902 771 magnarum
1913 706 2205 751 curarum

229 772 420 835 turbis
440 772 650 834 habitae
670 819 686 846 ‚
730 772 893 835 suam
913 771 1084 834 ineffe
1099 773 1457 853 dignitatem
1480 818 1496 845 ‚
1518 790 1624 833 nec
1641 772 1810 833 illum
1834 771 1988 833 male
2008 768 2207 833 vixilse

225 852 478 934 judicari
498 856 596 939 qui
615 872 786 918 natus
805 856 968 929 iuxta
983 856 1364 937 moriensque
1382 849 1606 917 fefellit.
1650 852 1846 931 Hujus
1864 870 2059 916 autem
2079 850 2203 915 mei

227 935 512 1019 propositi
531 984 548 1012 ‚
571 936 637 997 &
657 938 832 1021 quam
855 938 909 998 in
929 956 1006 997 eo
1024 936 1385 998 constantem
1418 934 1931 1019 obfirmatumque
1950 956 2045 999 me
2064 953 2203 1018 prae-
2238 1006 2243 1013 ,

227 1019 462 1082 buetim
482 1066 498 1091 ,
537 1018 708 1081 testes
747 1016 872 1080 sunt
892 1019 1106 1099 optimi
1145 1018 1210 1080 δι
1243 1015 1565 1101 gravissimi
1600 1018 1711 1081 viri
1740 1021 1840 1102 qui
1876 1020 2155 1081 codicem
2178 1062 2200 1091 ‚

226 1120 350 1189 quo
381 1098 787 1185 fragmentum
827 1100 1166 1175 hujusmodi
1207 1102 1619 1163 continebatur
1634 1148 1652 1174 ,
1708 1101 1991 1163 vetustum
2028 1100 2199 1165 illum

141 1224 154 1230 -
225 1183 467 1267 quidem
488 1230 503 1251 .
545 1184 611 1245 &
631 1183 857 1247 Catulli
875 1182 1216 1268 Tibullique
1231 1202 1298 1245 ac
1317 1182 1613 1266 Propertii
1630 1184 2067 1267 exemplaribus
2085 1202 2199 1245 no-

227 1268 413 1331 bilem
433 1314 450 1339 ,
475 1264 709 1329 auferre
727 1268 764 1330 a
784 1284 882 1327 me
919 1266 985 1329 δε
1027 1269 1082 1329 in
1105 1266 1310 1349 vulgus
1329 1266 1477 1328 dare
1496 1268 1847 1349 quotidiano
1863 1268 2197 1329 multorum

225 1367 517 1413 annorum
533 1350 804 1412 convitio
820 1347 1026 1412 frustra
1044 1352 1242 1413 conati
1275 1348 1402 1411 sunt
1422 1366 1439 1411 ε
1475 1348 1631 1412 testis
1649 1349 1734 1412 vir
1750 1346 2199 1430 sapientiffimus

229 1432 494 1497 Venetus
512 1434 585 1495 ad
609 1430 833 1495 Pontif-
855 1432 1026 1495 Max.
1048 1430 1302 1519 Legatus
1318 1480 1335 1504 ‚
1376 1431 1542 1507 cuius
1576 1430 1896 1495 auctoritas
1915 1433 2071 1513 apud
2094 1444 2197 1493 me

229 1517 500 1578 omniurn
537 1512 875 1597 graviffima
895 1561 912 1587 ,
953 1533 1070 1577 non
1108 1531 1303 1579 tamen
1330 1514 1481 1577 ultra
1521 1516 1705 1577 valuit
1742 1518 1920 1596 quam
1940 1530 2005 1574 ut
2026 1513 2195 1591 hujus

222 1596 516 1679 scriptura·
532 1598 726 1679 capita
748 1596 1024 1658 hactenus
1041 1598 1270 1675 majore
1300 1616 1377 1659 ex
1410 1613 1577 1681 parte
1592 1598 1813 1659 inedita
1828 1593 2078 1659 describi
2096 1613 2199 1657 cu·

224 1696 382 1745 raret
402 1726 419 1753 ,
452 1678 516 1741 δε
536 1698 636 1740 me
668 1678 858 1741 invito
896 1677 962 1741 δι
978 1678 1339 1742 reclamante
1374 1680 1531 1761 typis
1548 1680 1764 1742 excudi
1824 1679 2155 1740 ermitteret
2173 1692 2196 1739 ε

219 1761 379 1826 testis
394 1763 590 1825 omnis
607 1760 966 1844 antiquitatis
981 1760 1439 1847 constqtiffimus
1453 1761 1741 1827 Odlavius
1799 1762 2201 1834 errarius,me·

222 1844 348 1911 rito
363 1842 441 1907 ab
456 1841 793 1907 adversario
811 1862 954 1906 meo
971 1842 1258 1919 laudatus,
1279 1846 1337 1909 in
1357 1844 1519 1920 cujus
1536 1840 1932 1907 amantiffimo
1947 1842 2066 1906 {inu
2086 1861 2195 1903 ex·

221 1926 645 2015 postulationes
661 1928 770 1990 hac
791 1924 870 1988 de
889 1944 954 1989 re
973 1945 1136 1992 meas
1155 1974 1174 2003 ,
1190 1926 1331 1989 cum
1356 1928 1506 1991 libet
1522 1931 1557 1992 a
1576 1926 1959 1990 Strambotto
1977 1924 2199 2009 Typo-

220 2012 452 2156 grapho
467 2010 758 2073 edebatur
773 2056 790 2079 ‚
823 2008 1016 2073 multa
1046 2028 1186 2073 cum
1205 2010 1485 2073 molestiae
1501 2010 1914 2094 fignificatione
1928 2012 2199 2093 depone-

267 2090 591 2157 am.Causae
609 2109 810 2157 autem
820 2108 988 2155 erant
1003 2092 1461 2171 huiusmolestiae
1472 2113 1589 2155 non
1606 2092 1791 2157 solum
1810 2110 1975 2154 vetus
1991 2108 2195 2154 meum

221 2176 301 2237 de
320 2176 428 2237 hac
448 2176 719 2239 editione
734 2176 1071 2239 omittenda
1089 2174 1397 2239 confilium
1422 2223 1437 2249 ‚
1474 2174 1574 2237 sed
1594 2178 1839 2262 plurima
1877 2193 2064 2258 eaque
2080 2171 2199 2235 foe-

219 2250 456 2321 dissima
473 2256 644 2339 ipfius
658 2258 944 2323 editionis
964 2259 1100 2322 vitia
1121 2276 1140 2320 τ
1175 2259 1387 2343 quibus
1404 2260 1631 2323 mederi
1650 2306 1667 2335 ,
1688 2278 1763 2323 ne
1779 2257 1989 2321 audior
2006 2255 2143 2319 fasti
2158 2257 2195 2318 a

221 2358 324 2402 me
341 2340 668 2423 improbati
690 2340 804 2405 ulla
821 2359 897 2403 ex
913 2356 1082 2421 parte
1101 2342 1334 2403 viderer
1354 2388 1371 2415 ,
1414 2343 1664 2406 omnino
1684 2361 1805 2404 non
1826 2340 2198 2404 sustinebam·

219 2419 530 2506 Siquidem
553 2425 610 2486 in
629 2423 747 2507 ipsa
766 2422 1108 2505 praefatione
1127 2426 1401 2486 nonnulla
1418 2444 1555 2488 cum
1578 2426 1657 2486 de
1670 2422 2007 2507 fragmento
2029 2472 2045 2496 ,
2067 2438 2195 2485 tum

220 2506 300 2582 de
319 2524 418 2567 me
435 2504 564 2587 ipso
581 2505 756 2569 aliter
771 2526 840 2569 ac
861 2526 954 2569 res
971 2506 1148 2568 habet
1166 2502 1556 2583 affirmantur3
1570 2524 1758 2589 neque
1774 2508 1931 2568 enim
1952 2502 2199 2568 Horatii

219 2588 340 2651 ulla
356 2589 620 2650 carmina
639 2590 698 2652 in
719 2588 933 2653 codice
951 2590 1070 2650 hoc
1091 2590 1366 2673 leguntur
1388 2638 1405 2664 ‚
1428 2589 1524 2651 sed
1546 2590 1863 2675 poetarum
1924 2605 2033 2649 uos
2048 2585 2204 2663 dixi3·

221 2690 331 2735 nec
348 2670 496 2733 mihi
529 2670 590 2732 in
613 2690 873 2735 mentem
894 2692 1154 2755 unquam
1179 2672 1341 2734 venit
1373 2672 1579 2735 testem
1619 2675 1801 2734 citare
1820 2674 1879 2734 in
1940 2688 2007 2735 ac
2025 2666 2197 2731 causa

219 2754 504 2819 Ioannem
521 2752 832 2817 Rhodium
854 2773 872 2815 t
914 2772 1226 2838 propterea
1246 2754 1409 2839 quod
1432 2774 1623 2840 neque
1640 2752 1918 2817 Rhodius
1938 2770 2195 2835 unquam

221 2838 504 2899 codicem
527 2836 678 2897 bunc
716 2836 905 2899 oculis
941 2836 1240 2921 usurpavit
1257 2882 1273 2906 ,
1311 2838 1377 2898 δε
1405 2840 1665 2901 hominis
1685 2840 1909 2899 mortui
1930 2834 2199 2897 testimo·

217 2921 384 2983 nium
407 2921 632 3003 quanto
655 2920 790 2982 locu
837 2919 1008 2981 letius
1046 2918 1216 2981 tanto
1237 2917 1550 3003 suspeekius
1570 2918 1829 2980 futurum
1854 2933 1998 2979 erat.
2026 2914 2197 2978 Nam

216 3000 367 3085 quid
388 3020 505 3083 ego
525 3002 642 3065 dei
691 3000 752 3063 so
814 3003 1101 3085 tagmenti
1120 3018 1409 3064 contextu
1429 3004 1628 3065 dicam
1648 3050 1664 3074 ‚
1706 3000 1982 3081 impetite
2017 3009 2199 3079 atque

220 3081 541 3145 oscitanter
557 3100 636 3148 ex
657 3085 853 3167 cripto
867 3132 883 3159 ,
907 3086 970 3147 δε
985 3088 1021 3148 ὲ
1042 3084 1159 3146 fide
1177 3082 1256 3147 sui
1273 3085 1618 3167 exemplaris
1637 3084 1837 3145 multis
1858 3084 1915 3144 in
1932 3080 2197 3159 partibus
2215 3120 2220 3126 -

217 3163 602 3227 abbortente.
623 3164 874 3231 offensus
893 3165 1106 3231 scilicet
1125 3168 1246 3246 ejus
1264 3168 1545 3229 editionis
1564 3163 1848 3238 Curator,
1866 3165 2201 3249 quicunqne

217 3247 322 3311 ille
343 3242 872 3319 fuit,multirudine
889 3250 1249 3313 mendorum
1269 3269 1339 3314 ac
1356 3246 1653 3323 foeditate,
1686 3251 1748 3311 δι
1768 3244 2201 3311 vocabulorum

217 3349 345 3414 quae
361 3330 420 3392 in
443 3330 550 3391 illo
570 3328 776 3413 paffim
797 3350 1122 3395 occurrunt
1140 3332 1468 3407 insolentia,
1490 3330 1923 3395 correctionem
1944 3330 2205 3391 adorna-

217 3414 307 3477 vit
326 3459 344 3485 ,
372 3428 436 3473 ut
452 3410 556 3475 {ibi
580 3414 898 3477 videbatur
915 3461 934 3489 ‚
977 3416 1196 3478 intimae
1215 3416 1513 3489 cujuffiam
1551 3414 1901 3477 eruditionis
1920 3458 1935 3483 ‚
1976 3430 2041 3472 re
2058 3411 2205 3473 verb

216 3496 481 3577 ineptam
499 3494 903 3558 &absurdam
927 3520 948 3573 ς
983 3498 1124 3560 nihil
1143 3497 1318 3559 ’enim
1343 3515 1467 3559 tam
1506 3514 1693 3581 operae
1734 3496 1985 3575 pretium
2010 3492 2205 3555 fuerat

220 3581 404 3663 quam
425 3594 490 3637 ut
511 3576 754 3663 scriptio
773 3578 875 3641 illa
895 3576 1274 3657 subjiceretur
1289 3580 1509 3640 oculis·
1522 3580 1893 3640 eruditorum
1918 3576 2063 3639 ficut
2078 3584 2207 3636 erat

219 3660 437 3725 inculta
457 3660 524 3723 δε
542 3662 706 3724 rudis
729 3701 744 3728 ,
764 3662 886 3743 quo
903 3662 1145 3723 decoris
1163 3660 1411 3742 ingeniis
1429 3662 1735 3723 materiam
1755 3660 2101 3724 exercenda
2118 3660 2207 3720 in-

223 3743 450 3805 dustria·
469 3745 527 3805 in
547 3744 698 3805 locis
714 3744 1012 3829 corruptis
1035 3742 1398 3806 restituendis
1438 3744 1730 3825 integram
1767 3742 2051 3829 praeberet
2072 3788 2088 3814 ,
2127 3756 2201 3801 ac

223 3826 346 3915 ipsa
368 3827 447 3895 sui
466 3826 850 3892 deformitate
867 3828 1092 3892 crimen
1129 3828 1166 3893 ὲ
1202 3827 1637 3972 seFremoveret
1656 3822 2061 3916 suppofitionjs
2080 3869 2098 3895 ,
2133 3822 2203 3885 δι

671 3958 676 3963 .
1336 3924 1381 3981 2
1997 3922 2207 3989 impo-
