2634 4509
573 348 730 395 uero
764 327 1022 395 articulo
1053 328 1226 411 digiti
1261 320 1557 412 sequentis
1576 330 1873 395 minorem
1894 376 1913 403 ,
1950 346 2017 395 ut
2034 332 2181 397 mihi
2198 334 2485 399 uideba-

573 430 677 478 tur
689 434 714 489 ·,
736 431 938 476 totum
961 430 1222 483 aureum,
1243 412 1343 475 sed
1362 412 1531 495 plane
1550 411 1757 477 ferreis
1776 416 1957 478 ueluti
1978 416 2153 479 stellis
2168 414 2483 483 ferrumi·
2579 466 2580 479 ,

495 564 500 569 ,
572 512 782 561 natum
805 540 822 565 ‚
861 496 930 559 δε
959 513 1034 557 ne
1055 497 1158 557 has
1176 512 1405 557 tantum
1424 494 1761 559 ostenderet
1776 498 2015 561 divitias
2033 500 2329 563 dextrum
2354 522 2480 563 nu-

573 580 744 646 davit
777 580 1064 642 lacertum
1099 578 1327 641 armilla
1361 596 1531 641 aurea
1558 580 1787 643 cultum
1816 626 1833 654 ‚
1873 581 1940 644 &
1971 582 2201 645 eboreo
2218 584 2477 647 circulo

516 680 556 753 5
575 665 789 729 lamina
825 660 1162 741 splendente
1202 676 1542 723 connexum
1582 679 1649 723 ut
1687 664 1905 725 deinde
1938 666 2113 747 pinna
2161 684 2473 747 argentea

573 750 784 811 dentes
815 742 1102 827 perfodit.
1143 745 1318 807 amici
1354 744 1542 825 inquit
1560 747 1825 808 nundum
1864 748 2010 811 mihi
2042 746 2223 811 suane
2244 767 2383 810 erat
2404 750 2471 811 in

573 828 898 894 triclinium
919 824 1124 891 absens
1147 845 1323 889 more
1358 826 1531 889 uobis
1550 829 1747 891 uenire
1786 829 1883 891 std
1902 849 1978 893 ne
1992 830 2219 893 diutius
2242 830 2475 894 abstu-

572 914 622 976 ti
637 929 750 973 nos
769 907 942 972 essem
965 956 984 985 ,
1003 908 1373 994 uoluptatem
1390 910 1534 972 mihi
1555 911 1787 993 negaui.
1824 914 2141 993 permititis
2157 932 2377 976 tamen
2394 912 2473 975 fi-

571 996 682 1059 niri
699 992 914 1056 lusum.
951 991 1300 1076 sequebatur
1316 1010 1462 1074 puer
1475 1011 1615 1057 cum
1650 992 1852 1059 tabula
1868 996 2225 1059 terebintina
2244 996 2315 1057 δι
2332 999 2467 1059 cri·

470 1093 556 1141 ιο
569 1076 806 1141 stallinis
819 1074 1038 1137 tefferis
1051 1076 1371 1158 notauique
1386 1094 1516 1139 rem
1534 1076 1802 1141 omnium
1823 1076 2466 1163 delicatiffimam,pro

570 1158 816 1225 calculis
835 1160 1002 1221 enim
1013 1176 1084 1221 ac
1099 1157 1284 1241 nigris
1300 1205 1318 1232 ‚
1368 1176 1589 1221 aureos
1603 1174 2045 1247 argenteosque
2060 1157 2327 1225 habebat
2344 1166 2465 1223 de-

569 1243 788 1309 narios.
843 1241 1084 1303 Interim
1114 1242 1263 1305 dum
1297 1241 1401 1303 ille
1437 1242 1708 1305 omnium
1748 1258 2055 1308 textorum
2089 1243 2261 1307 dieta
2297 1245 2461 1307 inte:

559 1324 756 1395 lusum
789 1322 1152 1387 consummit
1173 1370 1189 1396 ,
1230 1321 1595 1407 gustantibus
1610 1322 1813 1389 adhuc
1848 1327 2022 1391 nobis
2040 1326 2459 1409 repofitorum

569 1408 814 1474 allatum
835 1406 916 1469 est
933 1425 1070 1469 cum
1089 1405 1280 1469 corbe
1297 1454 1314 1479 ,
1358 1408 1417 1469 in
1436 1425 1559 1489 quo
1574 1406 1785 1487 gallina
1820 1426 1949 1471 erat
1968 1410 2162 1491 lignea
2182 1411 2457 1490 patenti-

465 1496 553 1567 εις
572 1492 686 1555 bus
703 1492 764 1553 in
783 1491 998 1553 orbem
1017 1489 1144 1563 alis,
1165 1488 1367 1571 quales
1382 1507 1498 1574 que
1512 1488 1794 1554 incubant
1811 1510 1948 1555 oua.
1985 1491 2277 1554 acceffere
2292 1512 2459 1555 con-

573 1577 744 1639 tinuo
762 1572 890 1635 duo
923 1572 1073 1635 serni
1089 1618 1107 1642 ‚
1143 1572 1575 1655 &fimphonya
1606 1570 1896 1657 strepente
1926 1572 2173 1639 scrutari
2202 1576 2453 1657 paleam

431 1726 438 1733 ,
570 1671 874 1743 ceperunt.
926 1670 1206 1739 erutaque
1221 1654 1469 1719 subinde
1501 1658 1788 1733 pauonina
1821 1677 1937 1721 oua
1953 1655 2209 1721 diuisere
2228 1659 2453 1721 conui-

568 1742 686 1805 uis.
715 1741 1015 1801 conuertit
1029 1735 1108 1801 ad
1129 1742 1274 1800 hanc
1293 1739 1521 1801 scenam
1544 1740 1887 1804 trimalchio
1903 1740 2155 1803 uultum.
2199 1741 2271 1805 δε
2290 1743 2450 1805 ami·

569 1824 629 1888 ei
647 1824 728 1887 ait
743 1868 760 1895 ,
805 1822 1055 1901 pauonis
1091 1839 1205 1883 ova
1220 1822 1435 1903 galline
1466 1818 1595 1883 iuffl
1632 1821 1901 1904 supponi.
1939 1824 2005 1885 &
2043 1843 2143 1887 me
2162 1822 2449 1887 hercules

467 1924 560 1979 20
573 1908 784 1978 timeo,
808 1922 880 1965 ne
897 1904 1016 1967 iam
1037 1904 1308 1985 concepti
1324 1904 1433 1968 lint
1451 1903 1478 1966 ?
1494 1920 1792 1967 tentemus
1810 1905 2075 1979 tamen‚fi
2096 1904 2297 1968 adhuc
2318 1906 2449 1970 sor·
2579 1934 2580 1949 π

573 1988 711 2052 bilia
729 1988 861 2050 su'nt
877 2032 894 2059 ,
934 1984 1156 2049 sorberi
1171 1987 1425 2070 poliunt.
1459 1987 1785 2069 accipimus
1822 2008 1933 2051 nos
1958 1988 2305 2051 nocblearia
2320 2008 2445 2051 non

572 2071 766 2135 minus
781 2066 1038 2131 selibras
1055 2071 1392 2152 pendentia,
1412 2087 1649 2153 ouaque
1666 2088 1741 2132 ex
1761 2069 1947 2135 farina
1965 2072 2165 2155 pingui
2182 2068 2451 2154 figurata

567 2149 1000 2239 pertundimns.
1035 2169 1155 2234 ego
1187 2152 1431 2236 quidem
1466 2171 1617 2233 pene
1648 2156 1876 2233 proieci
1911 2172 2147 2235 partem
2186 2173 2400 2217 meam
2422 2198 2443 2227 ,
2579 2236 2580 2239 Ἴ

566 2256 703 2301 nam
721 2232 1033 2298 uidebatur
1051 2281 1068 2307 ‚
1093 2236 1212 2298 iam
1235 2236 1294 2298 in
1310 2232 1533 2318 pullum
1552 2236 1751 2299 coine.
1787 2235 2003 2299 deinde
2020 2254 2089 2299 ut
2104 2237 2316 2299 audiui
2334 2255 2445 2297 ue·

461 2334 544 2406 25
564 2336 754 2384 terem
777 2318 1092 2381 conuiuam
1115 2366 1130 2391 ,
1175 2320 1270 2381 hic
1289 2318 1487 2381 nescio
1504 2320 1647 2397 quid
1686 2316 1829 2380 boni
1864 2320 2048 2381 debet
2064 2318 2198 2381 effe.
2236 2316 2441 2403 perse-

560 2418 734 2466 cutus
752 2416 1030 2495 putamen
1059 2420 1246 2496 ‚manu
1281 2398 1720 2483 pinguiffimam
1740 2400 2073 2497 ‘ficedulam
2106 2402 2309 2466 inueni
2343 2404 2437 2485 pi-

560 2502 671 2631 1¹35:
671 2482 1182 2661 3320255322‘353'
1185 2484 2271 2660 ἲοξὲῗςῗέιἐῗεῗέἓὲἓὲῗέὲῖςῗέἓ
2277 2504 2439 2632 3223

565 2668 721 2710 uoce
753 2648 792 2711 fi
827 2666 958 2731 quia
983 2648 1241 2711 nostrum
1265 2666 1479 2711 iterum
1518 2650 1691 2711 uellet
1708 2650 1959 2713 mulsum
1978 2649 2211 2716 sumere
2227 2697 2247 2723 ,
2293 2669 2435 2714 cum

463 2744 546 2813 30
563 2730 758 2793 subito
771 2728 994 2813 signum
1011 2730 1335 2813 simphonia
1354 2734 1548 2795 datur.
1568 2732 1635 2794 δε
1648 2730 1963 2815 gustatoria
1982 2736 2203 2815 pariter
2219 2753 2258 2797 a
2280 2736 2437 2795 cho-

559 2834 634 2879 ro
650 2827 924 2876 cantante
941 2814 1264 2893 rapiuntur.
1284 2813 1577 2877 Ceterum
1595 2818 1750 2878 inter
1766 2816 2089 2880 tumultum
2106 2835 2245 2879 cum
2272 2814 2437 2877 forte

553 2894 788 2983 paraffis
805 2896 1127 2970 excidiflet,
1145 2897 1210 2960 δε
1229 2918 1373 2981 puer
1387 2900 1678 2962 iacentem
1696 2898 1993 2964 sustuliffet
2010 2900 2438 2963 animadvertit

554 2979 936 3055 trimalchio,
973 2980 1359 3063 colaphisque
1393 2980 1697 3063 obiurgari
1717 2999 1962 3063 puerum
1987 3028 2004 3055 ,
2042 3002 2119 3044 ac
2132 2984 2435 3065 proiicere

211 3082 222 3090 ·
261 3064 463 3121 *rursus
553 3070 588 3131 †
603 3061 844 3150 prorsus
856 3062 1180 3160 paralidem
1201 3064 1381 3127 iuffir.
1414 3064 1705 3129 insecutus
1721 3064 1803 3125 est
1817 3063 2151 3163 leqticatius
2170 3112 2189 3139 ,
2222 3083 2437 3147 argen-

453 3166 538 3242 35
557 3164 826 3293 3²„me
853 3146 1642 3323 zzsssszuztlffsszffizffffps}
1648 3146 2435 3314 ‘3253230253233122‘3

557 3311 746 3375 tribus
766 3356 782 3383 ,
819 3310 1021 3393 quales
1058 3309 1242 3373 solent
1277 3310 1391 3373 effe
1426 3331 1525 3393 qui
1566 3314 1845 3377 harenam
1880 3314 1939 3377 in
1978 3312 2432 3398 amphitheatro

553 3396 855 3478 spargunt.
896 3392 1219 3475 uinumque
1235 3392 1459 3457 dedere
1478 3398 1537 3458 in
1554 3414 1782 3459 manus.
1821 3416 2039 3481 aquam
2057 3399 2220 3461 enim
2240 3414 2433 3459 nemo

552 3476 844 3559 porrexit.
881 3476 1180 3538 Laudatus
1195 3495 1442 3561 propter
1457 3479 1775 3562 elegantias
1790 3480 2325 3562 dominuS,equum
2342 3480 2435 3542 in-

447 3572 538 3645 40
554 3560 684 3643 quit
699 3578 862 3621 mars
875 3577 1056 3623 amat.
1093 3560 1294 3644 itaque
1309 3561 1471 3625 iuffit
1486 3562 1641 3627 suam
1662 3564 1877 3648 cuique
1894 3562 2157 3627 mensam
2172 3560 2435 3644 affigna-

553 3644 626 3706 ri.
653 3640 854 3704 obiter
869 3641 936 3703 &
952 3640 1250 3726 pudiffimi
1272 3642 1419 3710 serui
1438 3648 1735 3711 minorem
1754 3649 1930 3710 nobis
1948 3646 2131 3711 estum
2152 3642 2435 3727 frequen·-

553 3726 638 3791 tia
653 3722 752 3791 sua
767 3724 1010 3793 facient.
1055 3726 1252 3795 statim
1268 3728 1439 3796 allate
1456 3731 1587 3796 sunt
1601 3730 1889 3816 ampliore
1903 3730 2090 3797 uitree
2102 3728 2434 3899 ᾱὶέἰίξέιῖῑὲι·
