2634 4509
238 408 302 473 δι
321 402 654 471 thesaurum
674 404 918 469 inuenit.
955 419 1074 489 ego
1098 400 1318 466 nemini
1339 398 1580 467 inuideo
1600 401 1639 468 fi
1660 418 1783 488 quo
1800 400 1967 467 Deus
1984 405 2101 467 de-

238 493 352 558 dit.
387 490 688 553 esttamen
705 488 812 551 sub
825 488 1010 571 alapa.
1045 488 1110 550 δε
1131 504 1250 549 non
1265 486 1392 548 uult
1408 485 1511 550 fibi
1530 488 1709 550 male.
1744 487 1935 568 itaque
1950 504 2101 570 pre-

239 576 404 641 xime
438 586 576 636 cum
613 574 730 633 boc
769 570 949 634 titulo
987 567 1340 653 proscriplit.
1376 568 1456 631 C.
1477 570 1793 654 pompeius
1810 570 2101 652 diogenes

241 678 320 719 ex
336 653 626 717 Kalendis
641 653 794 715 iuliis
809 651 1152 715 cenaculum
1173 650 1306 713 loca
1338 652 1460 735 ipse
1488 653 1645 717 enim
1663 652 1916 715 domum
1934 650 2101 713 emit.

243 740 412 815 Qud
452 735 534 800 illi
565 738 669 820 qui
696 736 959 798 libertini
997 735 1142 795 loco
1178 734 1379 797 iacet?
1410 752 1584 817 quam
1609 733 1762 798 bene
1776 732 1835 799 se
1854 730 2101 797 habuit?
2122 744 2162 813 ς

242 841 382 885 non.
399 822 747 904 impropero
780 817 893 884 illi.
945 816 1296 878 sextercium
1336 814 1503 879 suum
1542 819 1693 879 uidit
1730 818 1947 881 decies.
2000 814 2101 877 sed

243 901 403 967 male
421 902 735 966 uacillauit.
779 920 898 963 non
933 917 1086 983 puto
1118 897 1284 960 illum
1319 899 1569 985 capillos
1602 899 1825 963 liberos
1861 897 2102 963 habere.

244 1002 356 1049 nec
378 985 750 1047 mehercules
767 982 862 1047 sua
878 984 1073 1066 culpa.
1109 980 1279 1064 †ipse
1311 986 1471 1044 enim
1510 984 1697 1043 bomo
1733 982 1953 1045 melior
1983 1000 2105 1044 non
2125 993 2153 1042 ‘c
2183 988 2288 1057 ips·

245 1066 342 1133 est.
381 1068 480 1131 sed
499 1067 697 1130 liberti
717 1066 981 1129 scelerati
997 1067 1096 1147 qui
1119 1064 1316 1127 omnia
1335 1067 1409 1127 ad
1435 1062 1799 1133 sefecerunt.
1834 1063 1989 1126 scito
2002 1082 2106 1145 au-

246 1167 369 1212 tem
391 1149 686 1213 sociorum
706 1149 824 1223 olla
841 1147 997 1211 male
1034 1148 1246 1209 feruet.
1281 1147 1348 1209 δι
1382 1145 1481 1209 ubi
1520 1147 1697 1209 semel
1720 1165 1815 1210 res
1830 1147 2105 1211 inclinata
2130 1156 2209 1203 10

247 1234 329 1296 est
353 1280 368 1309 ,
403 1234 583 1296 amici
617 1234 698 1295 de
727 1232 956 1295 medio.
999 1233 1064 1295 &
1136 1248 1273 1292 uam
1311 1228 1701 1292 honestamne
1744 1232 2103 1293 ociationem

247 1316 540 1379 exercuit.
574 1316 738 1400 quod
757 1313 920 1377 illum
939 1315 1014 1377 lic
1035 1316 1090 1375 ui
1137 1330 1199 1375 es
1214 1329 1327 1374 exe
1346 1309 1691 1375 libitinarius
1736 1316 1843 1378 uit.
1879 1310 2109 1375 lolebat

249 1398 329 1463 fic
346 1415 559 1462 cenare
577 1398 892 1483 quomodo
909 1416 1016 1460 rex
1031 1415 1204 1481 apros
1222 1394 1395 1479 gausa
1472 1411 1571 1458 tos
1592 1444 1610 1469 ,
1632 1413 1816 1481 opera
1832 1394 2071 1479 pistoria
2088 1434 2109 1466 ‚

250 1481 531 1544 uiscouos
552 1481 818 1564 pistores.
837 1480 962 1563 plus
985 1481 1104 1542 uini
1125 1478 1230 1541 sub
1249 1497 1385 1542 men
1412 1498 1447 1541 a
1468 1477 1895 1551 effundebatur,
1923 1494 2109 1562 quam

251 1564 464 1645 aliquis
479 1563 541 1625 in
553 1565 704 1627 cella
724 1562 894 1624 babet
911 1569 950 1635 †
969 1560 1206 1626 fantalia
1227 1610 1242 1635 ,
1279 1579 1401 1623 non
1438 1561 1625 1623 bomo
1644 1560 1937 1624 inclinatis
1956 1578 2108 1643 quo·
2127 1572 2157 1623 r
2182 1570 2415 1639 phanum

251 1662 371 1729 que
386 1642 564 1708 rebus
584 1648 696 1709 suis
712 1693 730 1719 ,
748 1664 886 1708 cum
909 1647 1148 1708 timeret
1169 1661 1242 1708 ne
1258 1644 1589 1706 creditores
1606 1646 1771 1707 illum
1793 1642 2110 1705 conturba·

255 1742 321 1791 re
339 1726 769 1803 existimarent,
807 1728 925 1789 hoc
963 1727 1144 1807 titulo
1176 1727 1519 1790 caucionem
1542 1724 1890 1811 proscripfit.
1930 1724 2113 1789 Iulius

253 1812 538 1893 proculus
565 1810 898 1873 auctionem
938 1803 1118 1873 faciet
1147 1828 1345 1873 rerum
1382 1807 1890 1891 superuacuarum.
1928 1808 2116 1870 inter-

255 1893 495 1979 pellauit
511 1908 632 1955 tam
651 1892 855 1955 dulces
869 1890 1096 1955 fabulas
1127 1891 1485 1956 trimalchio.
1520 1897 1797 1956 narniam
1820 1889 2113 1952 sublatum

257 1991 390 2037 erat
425 1972 731 2039 ferculum.
770 1975 1094 2057 hilaresque
1127 1974 1417 2048 conuiue,
1457 1976 1599 2039 uino
1631 1972 2219 2069 sermonibusque&

257 2057 572 2143 publicatis
591 2076 836 2141 operam
857 2072 1181 2142 coeperant
1196 2058 1360 2121 dare.
1400 2056 1457 2120 Is
1492 2076 1641 2141 ergo
1673 2056 1989 2121 reclinatus
2022 2072 2119 2118 in·

260 2140 527 2203 cubitum
551 2188 570 2215 ,
613 2142 733 2203 hoc
773 2142 974 2203 uinum
1013 2140 1198 2223 inquit
1233 2160 1343 2203 uos
1379 2156 1622 2223 oportet
1657 2140 1824 2204 suaue
1862 2137 2117 2201 faciatis.

260 2222 444 2311 pisces
477 2237 677 2287 natare
711 2237 976 2307 oportet.
1013 2242 1170 2309 rogo
1204 2242 1308 2287 me
1327 2224 1545 2306 putatis
1560 2222 1656 2286 illa
1670 2241 1819 2288 cena
1836 2219 1945 2284 effe
1961 2238 2117 2283 con·-

261 2324 560 2389 temptum
582 2352 599 2380 ,
637 2324 814 2389 quam
837 2306 910 2369 in
946 2321 1081 2368 teca
1117 2305 1445 2389 repositorii
1482 2305 1785 2370 uideratis.
1823 2304 1899 2369 fic
1928 2318 2117 2366 notus

263 2390 513 2454 Vlixes?
547 2389 688 2471 quid
709 2405 860 2473 ergo
877 2386 977 2450 est.
1010 2406 1259 2471 oportet
1275 2388 1457 2451 etiam
1474 2388 1627 2452 inter
1641 2386 1974 2451 cenandum
1994 2384 2225 2470 phi-25

263 2473 554 2556 lologiam
573 2470 752 2534 noll'e.
788 2487 1044 2554 patrono
1063 2486 1203 2535 meo
1219 2470 1339 2534 oss‘a
1356 2472 1507 2534 bene
1522 2469 1816 2555 quiescant
1833 2516 1850 2545 ,
1888 2471 1991 2553 qui
2024 2484 2125 2529 me

265 2556 574 2629 hominem
593 2555 748 2619 inter
768 2554 1042 2617 homines
1076 2554 1272 2616 uoluit
1304 2553 1437 2615 effe.
1474 2574 1615 2617 nam
1652 2554 1803 2617 mibi
1834 2550 1977 2616 nihil
2010 2566 2124 2613 no-

265 2639 327 2701 ui
345 2634 538 2720 potest
551 2635 740 2700 afferri
761 2684 778 2712 ,
817 2636 961 2701 ficut
979 2636 1074 2700 ille
1090 2634 1424 2701 fericulusta
1441 2637 1564 2700 mel
1590 2636 1796 2701 habuit
1812 2635 2048 2721 praxim
2064 2630 2118 2700 l'.
2145 2640 2173 2689 †
2192 2645 2433 2718 praxim-10·

270 2717 496 2785 Caelus
515 2721 612 2784 hic
631 2720 688 2783 in
705 2738 830 2805 quo
846 2720 1176 2783 duodecim
1213 2717 1294 2797 dij
1336 2718 1595 2783 habitant
1616 2764 1633 2793 ,
1670 2721 1731 2782 in
1766 2719 2031 2781 totidem
2066 2714 2123 2779 st
2144 2716 2385 2771 ‘'P““W-

268 2803 482 2889 figuras
500 2805 816 2867 conuertit.
851 2802 918 2865 δε
937 2804 1132 2865 modo
1149 2800 1216 2865 fit
1231 2804 1407 2865 aries.
1446 2804 1527 2865 ita
1573 2820 1648 2863 ue
1664 2803 1925 2886 quisquis
1944 2797 2125 2863 nasci·
2147 2779 2258 2820 Μ

271 2906 370 2950 tur
384 2886 491 2949 illo
509 2886 672 2969 ligno
687 2885 876 2948 multa
911 2900 1162 2967 peccora
1203 2884 1381 2947 habet
1404 2931 1421 2956 ,
1448 2904 1551 2947 mu
1574 2902 1703 2948 tum
1724 2886 1909 2948 lanae.
1951 2898 2129 2965 caput

269 2985 541 3055 preterea
555 2971 793 3031 durum.
830 2966 1093 3031 frontem
1129 2966 1561 3051 expuduratam
1598 2986 1849 3031 cornum
1866 2978 2133 3029 acutum.
2270 3021 2285 3033 d

271 3050 514 3133 plurimi
553 3053 668 3113 hoc
701 3051 865 3134 ligno
899 3048 1184 3115 scolastici
1221 3049 1552 3115 nascuntur.
1594 3052 1661 3114 &
1696 3051 1866 3115 arieti
1902 3048 1985 3111 illi
2002 3045 2131 3108 lau·

269 3134 484 3193 damus
523 3135 918 3198 urbanitatem
955 3133 1385 3199 mathematici.
1422 3136 1625 3216 itaque
1640 3133 1877 3197 adiecit.
1916 3128 2137 3193 deinde

271 3230 440 3275 totus
473 3215 672 3278 caelus
709 3219 972 3281 taurulus
1007 3214 1091 3280 fit.
1140 3219 1341 3303 itaque
1380 3232 1522 3279 tunc
1561 3214 1855 3280 calcitrofi
1892 3211 2130 3278 nascun-
2153 3218 2236 3296 35

143 3330 148 3335 ·
275 3314 409 3368 tur,
449 3293 809 3373 &bubulam
845 3302 1028 3384 &qui
1049 3302 1102 3363 se
1121 3301 1222 3383 ipsi
1238 3298 1502 3385 pascunt.
1548 3300 1613 3363 ln
1652 3298 1903 3383 geminis
1932 3312 2137 3359 autem

278 3374 584 3442 nali-‚untur
601 3376 790 3461 bigae,
815 3381 882 3443 &
899 3382 1091 3445 boues
1109 3386 1176 3447 &
1193 3383 1351 3446 colei
1372 3384 1439 3445 δε
1456 3386 1557 3467 qui
1577 3400 1865 3466 utrosque
1880 3380 2139 3463 parietes

277 3461 484 3526 linunt.
523 3459 588 3524 In
607 3478 834 3523 cancro
850 3481 968 3545 ego
987 3480 1159 3526 natus
1182 3463 1311 3526 sum
1334 3512 1349 3535 ‚
1384 3466 1527 3527 ideo
1544 3466 1751 3529 multis
1766 3462 2015 3547 pedibus
2030 3458 2142 3522 sto·

280 3544 348 3607 δε
367 3546 423 3607 ἰη
441 3543 692 3617 mari,&
709 3542 771 3606 in
785 3562 944 3606 terra
961 3546 1149 3607 multa
1168 3545 1463 3629 possideo.
1484 3566 1617 3610 nam
1636 3564 1847 3609 cancer
1866 3546 1933 3607 δε
1946 3546 2064 3606 hoc
2080 3540 2149 3603 ἃς

283 3628 426 3693 illoc
443 3628 711 3710 quadrat.
750 3626 816 3687 δι
849 3627 994 3688 ideo
1029 3628 1150 3704 jam
1171 3626 1403 3688 dudum
1421 3627 1565 3689 nihil
1584 3627 1751 3713 super
1768 3629 1931 3691 illum
1954 3623 2146 3711 posui.
2162 3631 2249 3701 40

283 3728 358 3775 ne
389 3708 625 3792 genisim
643 3706 682 3771 l'
720 3724 914 3772 meam
953 3724 1314 3791 premerem.
1352 3710 1417 3773 ln
1455 3710 1633 3771 leone
1667 3714 1993 3793 cataphage
2022 3704 2141 3770 nas-
2166 3727 2193 3775 r
2224 3716 2451 3789 genefin:

281 3810 496 3856 cuntur
513 3792 578 3856 δι
595 3788 914 3875 imperiofi.
971 3790 1040 3855 In
1078 3788 1314 3873 Virgine
1350 3792 1627 3857 mulieres
1663 3792 1731 3855 δε
1764 3792 1997 3876 fugitiui
2019 3837 2037 3864 ‚
2079 3790 2143 3850 &
2167 3783 2437 3891 ³3⁰²²³V¹¹⁶2

1976 3857 2187 3936 com·t
2216 3855 2267 3891 ”¹
