2634 4509
1984 318 2071 393 4⁹

207 428 310 477 me
329 404 466 472 dedi
485 407 546 471 in
579 402 940 469 seruitutem.
977 404 1050 467 δι
1065 402 1250 467 malui
1277 360 1431 467 ciuis
1465 416 1747 469 romanus
1758 403 1871 469 effe
1885 424 2067 489 quam

207 492 576 556 tributarius.
613 489 679 551 &
695 506 848 563 nunc
879 488 1061 583 ‘spero
1077 506 1180 551 me
1211 487 1288 550 sic
1307 486 1512 548 uiuere
1530 532 1548 558 ,
1589 503 1655 548 ut
1670 489 1881 553 nemini
1898 491 2069 553 iocus

87 582 96 602 ¹
203 576 334 641 iim:
353 578 544 636 homo
555 572 710 635 iuter
729 574 996 633 homines
1011 569 1376 652 suos,capite
1390 584 1601 651 aperto
1615 569 1877 633 ambulo.
1890 570 2068 635 assem

204 658 460 721 erarium
479 654 698 717 nemini
713 654 934 715 debeo.
973 650 1355 714 constitutum
1372 648 1551 711 habui
1570 670 1865 737 nunquam
1883 672 2071 718 nemo

205 742 356 805 mibi
371 740 430 802 in
453 736 598 799 foro
615 736 770 799 dixit
783 734 971 797 redde
987 736 1152 817 quod
1171 732 1377 795 deber.
1415 732 1676 811 glebulas
1692 737 1836 800 emi.
1869 736 2063 800 lamel·
2085 744 2131 819 ς

203 823 354 886 lulas
369 818 592 904 paraui.
631 818 835 900 uiginti
855 834 1096 879 uentres
1111 816 1292 911 pasco
1313 860 1330 886 ,
1366 812 1432 875 δι
1448 832 1655 879 canem
1671 817 2067 881 contuberna-

202 904 324 969 lem
343 920 545 967 meam
563 900 794 963 redemi
812 946 830 972 ,
851 918 946 971 ne,
963 903 1096 981 quis
1109 918 1170 961 m
1189 897 1343 961 iuius
1360 916 1569 959 manus
1583 914 1863 983 tergeret.
1902 900 2067 965 mille

205 986 492 1049 denarios
508 999 623 1064 pro
635 982 828 1066 capite
845 982 1014 1044 solui.
1037 979 1186 1043 seuit
1201 978 1389 1061 gratis
1409 975 1599 1043 factus
1616 980 1763 1045 sum.
1800 983 1970 1067 spero
1986 980 2067 1045 fic

207 1069 436 1134 moriar
455 1082 521 1128 ut
535 1082 812 1129 mortuus
827 1082 948 1127 nou
966 1062 1325 1135 erubescam·
1354 1078 1421 1123 tu
1440 1080 1637 1125 autem
1654 1082 1783 1127 tam
1800 1064 2071 1129 laborio-

207 1150 302 1214 sus
319 1168 384 1213 es
407 1166 472 1211 ut
489 1146 620 1231 post
637 1166 698 1209 te
713 1166 836 1209 uon
853 1146 1136 1240 respicias.
1161 1146 1228 1208 ln
1241 1144 1368 1207 alio
1385 1146 1701 1226 peduclum
1721 1148 1909 1211 uides.
1930 1150 1989 1211 iu
2006 1163 2069 1209 te
2090 1158 2171 1231 :to

206 1234 420 1299 ricium
435 1248 560 1293 nou
573 1230 764 1293 uides.
797 1230 910 1293 tibi
927 1230 1034 1293 loli
1054 1226 1282 1291 ridiclei
1301 1228 1577 1291 uidemur
1590 1276 1607 1304 ,
1642 1248 1783 1291 ecce
1794 1230 2070 1313 magister

205 1334 346 1379 tuus
363 1318 552 1377 bomo
569 1313 766 1376 maior
781 1328 972 1373 natus.
1007 1311 1308 1392 placemus
1322 1308 1435 1373 illi.
1474 1326 1543 1372 tu
1558 1310 1933 1377 laeticulosus
1955 1329 2065 1377 nee

207 1414 530 1463 muuecma
545 1412 750 1478 arguta
771 1392 956 1456 suasus
971 1393 1164 1458 fictilis
1177 1393 1371 1456 immo
1388 1393 1557 1455 locus
1572 1395 1631 1457 in
1651 1412 1803 1477 aqua
1823 1397 2063 1469 lentior,

209 1501 334 1545 uon
353 1480 572 1541 melior
590 1524 608 1552 ,
629 1494 696 1539 tu
711 1475 944 1539 beatior
961 1496 1026 1537 es
1045 1526 1060 1551 ‚
1085 1478 1178 1539 bis
1197 1474 1419 1559 prande
1438 1473 1529 1537 bis
1546 1495 1707 1541 cena.
1742 1496 1863 1561 ego
1878 1477 2059 1539 fidem

209 1582 410 1627 meam
428 1561 592 1623 malo
611 1580 788 1642 quam
807 1556 1068 1621 tesauros
1085 1606 1104 1637 ,
1127 1559 1200 1621 ad
1221 1559 1507 1621 summam
1526 1560 1833 1644 quisquam
1852 1579 1953 1623 me
1972 1560 2063 1623 bis
2088 1564 2170 1639 15

207 1640 2063 1808 &53023212022‘3353‘‘ffaissfjgssffi‘izzffiz‘ffllz‘z2233

209 1810 366 1874 ueni.
399 1809 596 1869 adhue
613 1806 842 1868 basilica
853 1826 978 1869 non
997 1826 1124 1869 erat
1139 1804 1290 1869 fasta
1307 1804 1452 1868 dedi
1468 1822 1667 1871 tamen
1684 1826 1931 1890 operam
1953 1854 1973 1882 ,
1994 1823 2064 1867 ut

206 1892 466 1958 domiuo
479 1887 876 1953 satisfacerem
913 1889 1144 1953 bomini
1166 1888 1312 1951 mali
1344 1888 1455 1951 isto
1472 1891 1538 1952 δι
1556 1890 1875 1971 diguitoffo
1892 1893 2061 1954 cuius

205 1977 392 2061 pluris
423 1988 552 2035 erat
569 1972 780 2053 unguis
799 2018 816 2043 ,
855 1991 1034 2053 quam
1051 1990 1116 2034 tu
1135 1986 1302 2033 totus
1317 1987 1383 2033 es
1400 1972 1467 2033 δι
1484 1969 1769 2035 habebam
1790 1976 1849 2036 in
1866 1976 2063 2037 domo
2080 1978 2173 2057 29

206 2059 308 2143 qui
329 2054 472 2119 mihi
491 2056 704 2139 pedem
723 2070 1120 2137 opponerent.
1154 2056 1264 2117 hac
1285 2054 1421 2116 illac
1436 2070 1635 2117 tamen
1672 2057 1893 2137 (genio
1910 2056 2068 2121 illius

205 2136 880 2302 tgfflssnfflffiassffi
895 2134 1895 2306 ξῗεᾘξιιῗὲωοᾍῗέἓὲᾙᾶἒζὲ
1909 2138 2067 2286 ἔῗὲἶ
2176 2188 2185 2195 ·

201 2305 438 2451 91:33ae
441 2303 990 2481 ffggsdiffllgitm
1007 2386 1108 2468 qui
1121 2387 1198 2451 ad
1221 2385 1403 2466 pedes
1418 2384 1607 2450 stabat
1622 2384 1797 2451 risum
1816 2388 1937 2451 iam
1956 2386 2059 2450 diu
2080 2400 2165 2472 25

205 2468 1781 2631 zsszfiztflffsffz¹²azz⁰2st⁶fiff⁶¹flfflff{302223303‘35
1796 2470 2066 2617 ²⁰33·

209 2638 274 2699 &
292 2652 356 2697 tu
372 2649 570 2697 autem
589 2634 776 2717 iuquit
793 2635 978 2697 etiam
999 2598 1204 2697 tardes
1217 2682 1236 2709 ,
1275 2652 1425 2717 cepa
1444 2682 1459 2707 ‚
1485 2638 1723 2719 piri-ara,
1742 2572 2065 2701 opgmma:

206 2718 284 2783 lia
305 2734 460 2800 rogo
495 2716 706 2781 mensis
735 2715 1056 2779 december
1065 2718 1148 2781 est
1165 2764 1184 2793 ,
1225 2720 1471 2801 quaudo
1502 2720 1835 2785 uicesimum
1852 2736 2064 2785 uume-

210 2800 341 2864 rasti
381 2799 522 2881 quid
553 2795 736 2864 saciat
757 2801 950 2863 crucis
967 2800 1134 2863 offla.
1189 2804 1515 2864 cot-uorum
1552 2802 1789 2867 cibaria.
1836 2801 2061 2866 curabo
2084 2812 2169 2879 30

209 2888 326 2947 iam
365 2882 466 2945 ubi
499 2884 652 2946 iouis
687 2885 866 2945 iratus
903 2882 970 2945 fit
987 2884 1040 2946 †.
1081 2886 1148 2947 δι
1169 2882 1391 2965 istiqui
1426 2882 1535 2946 tibi
1556 2906 1675 2947 non
1706 2887 1959 2969 imperat
1976 2887 2059 2947 ita
2078 2896 2261 2970 quui?
2280 2910 2363 2949 πο-

207 2967 362 3027 satur
395 2984 546 3047 pane
580 2966 719 3029 fiam
739 3014 756 3038 ,
795 2982 863 3027 ut
893 2984 1012 3047 ego
1051 2967 1200 3029 istud
1237 2985 1375 3029 cum
1414 2966 1639 3029 liberto
1670 2987 1815 3031 meo
1846 2970 2017 3029 dono
2036 3010 2054 3039 ,
2078 2960 2301 3031 mmanui

207 3047 468 3127 alioquin
509 3050 628 3111 iam
655 3050 764 3112 ribi
797 3049 876 3109 de
907 3048 1329 3131 presentiarum
1364 3046 1737 3113 reddidissem
1774 3050 1925 3113 bene
1943 3064 2058 3111 uos
2080 3032 2205 3068 ‘⁸³¹⁸

205 3129 494 3189 habemus
509 3150 616 3192 aut
630 3132 716 3194 isti
735 3148 922 3214 geuge
937 3133 1036 3214 qui
1053 3134 1164 3197 tibi
1179 3150 1300 3195 non
1315 3131 1611 3215 imperant
1630 3178 1651 3206 ,
1686 3134 1857 3217 plane
1873 3130 2063 3214 qualis
2154 3183 2156 3185 .

207 3210 488 3273 dominus
503 3213 634 3275 talis
653 3216 722 3275 δι
742 3214 963 3277 fernus.
999 3218 1102 3277 uix
1117 3232 1218 3277 me
1234 3230 1414 3277 teneo
1430 3260 1447 3281 .
1484 3214 1549 3275 δε
1566 3213 1695 3279 sum
1716 3233 1925 3280 natura
1940 3211 2064 3277 cal·
2084 3233 2169 3305 35

206 3299 318 3355 dus
335 3294 496 3355 cicer
507 3293 632 3355 eius
667 3314 806 3356 cum
827 3298 958 3377 cepi
977 3315 1226 3361 matrem
1245 3314 1447 3361 meum
1462 3298 1751 3379 dupundii
1766 3318 1887 3363 uon
1906 3294 2066 3359 facio

209 3376 388 3439 reste.
425 3374 730 3437 uidebote
761 3383 818 3437 in
839 3380 1150 3458 publicum
1173 3400 1313 3443 mus
1344 3400 1493 3459 ymo
1513 3398 1670 3445 terre
1699 3384 1874 3447 tuber
1890 3428 1910 3455 ,
1950 3388 2064 3443 uec

207 3458 428 3521 sursum
447 3476 556 3519 nec
597 3456 876 3519 deorsum
917 3481 1036 3523 non
1070 3463 1276 3524 cresco
1307 3462 1407 3525 uifi
1442 3465 1758 3528 dominum
1794 3480 1965 3527 tuum
2002 3462 2065 3523 iu

207 3559 376 3604 rutae
393 3539 606 3602 folium
625 3560 750 3601 nou
759 3542 1040 3603 coniecit.
1059 3562 1173 3605 nec
1189 3544 1298 3606 tibi
1317 3564 1420 3625 par
1436 3563 1567 3606 ero.
1584 3548 1723 3609 licet
1736 3564 1837 3608 me
1852 3548 2069 3607 hercu-

205 3626 288 3687 les
309 3626 510 3686 ionem
528 3622 864 3703 olimpium
881 3622 1130 3698 clames,
1165 3626 1397 3689 curabo
1412 3628 1591 3705 longe
1606 3629 1717 3691 tibi
1734 3628 1803 3691 fit
1820 3626 2066 3693 comula
2080 3642 2169 3713 φ

203 3707 306 3770 ista
323 3706 528 3770 besalis
541 3709 606 3771 &
621 3706 900 3768 dominus
915 3708 1385 3789 duponduarius.
1404 3706 1567 3769 reete
1582 3713 1779 3773 uenies
1794 3709 1903 3773 sub
1922 3710 2065 3772 den-

205 3807 352 3868 tem,
367 3808 472 3858 aut
489 3810 610 3875 ego
625 3808 860 3873 nou-me
875 3792 1018 3853 noui
1041 3836 1060 3867 ,
1080 3804 1325 3937 autDuou
1338 3789 1643 3857 deridebis
1656 3794 1799 3859 lieet
1814 3791 2065 3869 hurbem

1283 3886 1317 3956 5
1822 3892 2067 3945 auream
