2634 4509
681 283 735 347 Α
814 282 875 348 R
953 282 1005 348 B
1084 284 1113 349 1
1188 284 1256 351 T
1331 281 1384 349 Ε
1457 282 1540 349 R·
1923 308 1958 355 1
1968 309 2003 377 3

432 400 499 449 Vt
516 403 727 447 mertem
743 387 889 445 cicius
904 388 1073 447 mire
1090 388 1260 447 παλαι

432 470 562 534 scite
578 471 687 529 iam
704 468 881 547 capitis
895 471 1078 549 pm‘Jffl
1085 486 1301 551 partem.

1435 547 1665 623 Versus
1755 544 1819 619 V
1863 552 1895 622 Ῑ
1937 552 1996 622 Ι.

252 718 405 780 Lura
424 714 666 779 uolebat
682 712 953 799 proferre
968 716 1192 791 credo,
1234 716 1301 780 &
1335 716 1626 801 ineptiora
1662 713 1998 798 preteritis,

244 820 382 863 cum
402 798 611 861 ancilla
630 800 901 881 triphene
923 804 1189 881 gythona
1209 799 1267 860 in
1284 816 1517 883 partem
1557 798 1725 861 nauis
1761 794 2008 860 inferio-

135 904 265 947 rem
304 883 473 943 ducit
494 928 511 955 ,
550 880 968 963 corimbioque
998 881 1276 945 ‘Domine
1350 882 1478 943 ueri
1511 879 1768 943 adornat
1805 898 1872 941 ca
1920 896 2006 943 ut.

128 985 289 1051 ymo
308 961 803 1047 superciliaetiam
826 962 1056 1046 profert
1073 961 1150 1025 de
1167 960 1293 1047 piffi
1343 982 1416 1035 e,
1462 959 1770 1046 scitequel'
1784 961 1837 1024 ia
1904 948 2233 1027 urenm

136 1050 483 1111 liniamenta
502 1046 694 1107 secuta
713 1044 1289 1111 totamilliformam
1327 1044 1485 1107 suam
1518 1045 1762 1108 redidit.
1799 1044 2008 1127 Agno-

135 1132 227 1193 uit
262 1128 527 1211 triphena
560 1146 765 1191 uerum
799 1130 1101 1209 gythona,
1163 1124 1539 1211 lacrimisque
1577 1126 1818 1189 turbata
1856 1144 2000 1189 tunc

134 1214 397 1297 primum
434 1211 593 1272 bona
627 1209 746 1273 fide
787 1227 971 1291 puero
1008 1210 1223 1275 balium
1263 1209 1456 1273 dedit.
1534 1207 1824 1272 Ceterum
1875 1208 2000 1271 Eu-

132 1295 374 1377 molpus
397 1292 463 1355 &
497 1292 948 1376 periclitantium
984 1296 1315 1357 aduocatus
1353 1294 1419 1355 &
1439 1289 1719 1374 presentis
1738 1310 2012 1355 concor··

132 1375 235 1439 die
250 1374 499 1449 auditor,
540 1392 613 1436 ne
648 1373 836 1438 sileret
865 1372 979 1438 fine
1020 1373 1234 1439 fabulis
1254 1375 1518 1440 hilaritas
1554 1372 1744 1436 multa
1763 1374 1820 1435 in
1856 1392 1992 1436 mu·

128 1456 376 1523 liebrem
432 1454 733 1520 levitatem
770 1458 929 1539 cepit
982 1456 1199 1521 iaetare
1234 1504 1253 1532 ,
1308 1475 1484 1539 quam
1535 1454 1710 1519 facile
1744 1455 1994 1519 adama-

131 1558 267 1605 rent
283 1558 462 1622 quam
506 1540 632 1601 cito
670 1541 849 1603 etiam
884 1538 1145 1603 filiorum
1180 1538 1699 1611 obliviscerentur,
1742 1538 1992 1601 nullam-

127 1644 247 1707 que
280 1619 393 1684 effe
429 1619 705 1684 feminam
745 1639 867 1683 tam
904 1622 1181 1705 pudicam
1221 1640 1339 1704 que
1366 1640 1487 1684 non
1522 1618 1987 1705 peregrinalibi-

126 1708 269 1767 dine
294 1702 472 1786 usque
500 1700 577 1765 a‘d
613 1704 880 1767 furorem
902 1718 1271 1766 auerteretur
1290 1749 1307 1777 ,
1350 1721 1456 1766 nec
1493 1702 1547 1765 se
1564 1704 1860 1786 tragedias
1879 1721 1986 1763 ue-

125 1794 280 1851 teres
300 1802 541 1859 curate,
578 1801 680 1847 aut
714 1787 952 1849 nomina
991 1785 1193 1850 seculis
1209 1804 1350 1849 nota
1371 1832 1388 1859 ,
1427 1784 1524 1847 sed
1564 1803 1693 1849 rem
1726 1782 1820 1847 sua
1855 1800 1987 1846 me-

125 1868 323 1935 moria
344 1866 565 1931 fastam
586 1914 605 1941 ,
648 1888 827 1951 quam
861 1866 1257 1949 expositurum
1290 1866 1476 1931 [δεῦε
1506 1867 1544 1932 fi
1581 1868 1869 1932 uellemus
1885 1885 1985 1930 au-

122 1954 276 2017 dire.
311 1948 603 2013 conuersis
620 1950 890 2037 omnium
926 1954 985 2013 in
1023 1952 1077 2013 se
1094 1950 1354 2015 uultibus
1374 1949 1724 2035 auribusque
1751 1997 1767 2024 ,
1805 1948 1886 2014 fic
1905 1966 1983 2009 ex

124 2033 288 2097 orsus
306 2031 407 2095 est.
461 2032 753 2096 Matrona
784 2031 1043 2115 quedam
1080 2031 1269 2117 ephefi
1302 2048 1430 2096 tam
1466 2048 1612 2097 note
1644 2048 1778 2097 erat
1811 2028 1987 2113 pudi-

119 2118 273 2183 cicie
312 2132 375 2176 ut
409 2116 733 2178 uicinarum
818 2134 1014 2198 noque
1047 2116 1313 2199 gentium
1355 2112 1602 2179 feminas
1637 2114 1718 2179 ad
1765 2113 1984 2201 specta-

121 2201 323 2263 culum
344 2195 423 2259 sui
442 2214 744 2261 euocaret.
776 2136 921 2259 ‘s-Iec
939 2217 1089 2282 ergo
1104 2218 1243 2261 cum
1263 2199 1458 2262 uirum
1481 2196 1774 2263 extulisset
1798 2244 1816 2272 ,
1855 2214 1978 2260 non

118 2296 398 2346 contenta
415 2280 643 2359 uulgari
663 2296 836 2343 more
853 2278 1051 2343 fumus
1068 2278 1101 2339 s
1094 2279 1267 2365 pariis
1288 2279 1561 2365 prosequi
1579 2278 1854 2353 crinibus,
1873 2293 1976 2340 aut

119 2365 404 2429 nudatum
426 2362 623 2447 peditus
640 2364 698 2425 in
716 2360 1031 2445 conspectu
1052 2360 1378 2445 frequentie
1394 2362 1676 2445 plangere
1695 2410 1712 2435 ‚
1749 2365 1808 2426 in
1827 2380 1980 2423 con·
2083 2378 2114 2409 ν

119 2446 410 2508 clitorium
430 2447 611 2507 etiam
650 2442 952 2528 persecuta
990 2444 1067 2506 est
1102 2444 1488 2519 defundium,
1528 2444 1902 2529 politumque
1917 2444 1978 2505 iu

120 2530 423 2611 tippogio
458 2545 644 2609 greco
683 2543 890 2598 more,
927 2546 1146 2611 corpus
1178 2527 1474 2589 custodire
1496 2574 1515 2601 ,
1552 2548 1624 2592 ac
1658 2527 1797 2591 flere
1827 2525 1977 2589 totis
1999 2544 2244 2615 typog„

118 2608 395 2676 noetibus
414 2607 731 2693 diebusque
747 2610 925 2693 cepit.
968 2610 1070 2673 Sic
1106 2610 1486 2673 afflictantem
1526 2609 1585 2672 se
1621 2630 1692 2673 ac
1713 2626 1978 2675 mortem

113 2693 312 2757 inedia
331 2690 771 2777 persequentem
794 2740 808 2765 ,
855 2711 975 2755 non
1006 2706 1277 2775 parentes
1293 2707 1616 2777 potuerunt
1632 2692 1936 2758 abducere
1955 2736 1977 2765 ,

116 2796 237 2840 non
256 2776 565 2919 propinqui
591 2820 609 2847 ,
650 2774 1013 2857 magistratus
1028 2776 1243 2839 ultimo
1261 2774 1464 2857 repulsi
1480 2776 1767 2839 abierunt.
1798 2793 1976 2836 com-

112 2860 461 2942 plorataque
498 2856 771 2939 ungulatis
784 2858 1039 2939 exempli
1057 2856 1275 2923 femina
1292 2858 1372 2918 ab
1402 2857 1680 2922 omnibus
1699 2859 1972 2939 quintum

110 2944 235 3004 iam
256 2942 414 3001 diem
435 2937 495 3002 se
514 2940 795 3002 alimento
824 2940 1117 3003 trahebat.
1185 2938 1494 3003 Assidebat
1528 2958 1664 3024 egre
1697 2936 1976 3005 fidiffima

113 3020 325 3081 ancilla
344 3020 624 3105 simulque
642 3024 704 3087 &
726 3024 999 3086 lacrimas
1016 3023 1482 3087 commendabat
1497 3023 1714 3106 lugenti
1737 3070 1754 3097 ,
1774 3022 1841 3083 &
1858 3038 1976 3105 po-

110 3102 284 3168 fitum
304 3102 362 3163 in
380 3122 774 3169 monumento
792 3107 986 3169 lumen
1008 3106 1349 3179 renouabat.
1410 3102 1536 3168 Vna
1567 3108 1752 3189 igitur
1769 3106 1828 3169 in
1845 3118 1982 3165 tota

112 3184 358 3247 ciuitate
378 3182 573 3245 fabula
594 3204 721 3248 erat
740 3236 755 3261 ,
799 3190 986 3252 solum
1036 3190 1215 3251 videl.
1272 3188 1549 3253 affluxisse
1577 3206 1785 3252 uerum
1807 3184 1987 3272 pudi-

109 3266 255 3329 citie
277 3264 626 3361 ‘amo-tilqne
653 3272 993 3353 exemplum
1030 3271 1228 3334 omnis
1263 3273 1494 3335 ordinis
1527 3269 1984 3335 confitebantur.

110 3368 253 3412 cum
274 3364 509 3410 interim
531 3367 863 3431 imperator
884 3356 1190 3432 prouincie
1226 3354 1490 3417 latrones
1526 3352 1682 3417 iuffit
1700 3350 1979 3419 crucibus
2009 3357 2016 3365 '
2141 3428 2148 3433 ·

109 3429 275 3511 affigi
300 3428 617 3491 secundum
638 3429 798 3493 illam
820 3432 1068 3496 casulam
1087 3437 1145 3497 in
1182 3456 1301 3517 qua
1340 3455 1542 3499 recens
1574 3438 1828 3500 cadauer
1843 3454 1980 3498 ma-

110 3532 286 3575 rrona
311 3509 584 3575 deflebat.
616 3514 895 3595 proxima
910 3532 1059 3595 ergo
1077 3516 1252 3578 noete
1270 3534 1409 3580 cum
1427 3519 1600 3582 miles
1613 3520 1712 3601 qui
1729 3534 1976 3581 crucem

108 3594 380 3659 seruabat
399 3642 417 3670 ,
454 3612 643 3679 neque
660 3596 736 3656 acl
757 3592 1109 3677 sepulturam
1129 3597 1486 3674 detraheret,
1508 3599 1750 3661 notaffet
1761 3597 1886 3672 fibi,
1903 3598 1974 3661 δε

106 3682 309 3743 lumen
329 3680 479 3743 inter
494 3693 873 3741 monumenta
892 3678 1103 3740 clarius
1120 3676 1440 3761 fulgens&
1457 3682 1745 3763 gemitum
1765 3682 1972 3764 lugen—
2095 3752 2102 3761 ⁸

106 3764 188 3828 tis
206 3759 445 3829 audiffet
473 3808 493 3841 ,
529 3761 689 3828 nicio
704 3762 899 3846 gentis
918 3760 1177 3911 humanss
1194 3762 1494 3849 concupiit
1511 3761 1653 3828 scire
1671 3808 1690 3840 ‚
1710 3766 1844 3849 quis
1861 3778 1972 3908 apg

1212 3860 1252 3931 3
1823 3864 1906 3931 ⁸1¹³

584 4050 611 4085 l
