2634 4509
577 242 659 314 44

577 333 656 393 ad
679 325 914 391 saliuam
936 324 1074 390 facit
1092 327 1150 389 in
1165 324 1501 391 suburbano
1520 324 1792 391 nascitur.
1827 344 1906 390 eo
1925 328 2086 413 quod
2106 348 2227 414 ego
2244 328 2455 392 adbuc

577 430 702 475 non
719 412 882 472 noui.
922 412 1142 473 dicitur
1158 410 1391 474 confine
1405 412 1517 474 effe
1539 410 2082 475 Tarracimenfibus
2106 459 2123 486 ,
2162 414 2226 476 δι
2246 430 2455 475 taren-

577 494 741 567 tinis,
765 510 914 553 nunc
935 493 1295 575 coniungere
1313 494 1519 579 agellis
1539 493 1805 556 Siciliam
1826 497 1991 557 uolo.
2008 512 2073 557 ut
2090 514 2229 558 cum
2254 490 2453 558 Affni-

575 594 712 637 eam
729 575 959 637 libuerit
977 576 1064 637 ire
1085 594 1192 657 per
1209 592 1383 639 meos
1416 576 1561 637 lines
1598 578 1891 657 nauigem.
1934 577 2030 641 sed
2056 596 2224 640 narra
2244 594 2307 638 tu
2328 577 2452 638 mi-

523 662 558 731 5
580 659 640 721 bi
660 674 994 741 agamenon
1011 676 1188 737 quam
1207 658 1675 721 controuersiam
1718 661 1902 721 hodie
1932 658 2287 723 declamasti.
2324 676 2450 740 ego

578 758 780 803 aurem
801 738 840 801 fi
857 738 1054 800 causas
1071 759 1190 802 non
1211 758 1328 822 ago
1346 741 1404 803 in
1423 739 1707 804 diuifione
1750 758 1949 804 tamen
1986 742 2189 804 literas
2224 740 2446 804 didici.

580 823 647 884 δε
664 840 737 883 ne
759 838 856 882 me
875 840 1048 905 putes
1085 819 1269 885 studia
1303 821 1628 887 fastiditum
1666 840 1789 887 tres
1828 824 2186 887 bibliotecae
2220 824 2442 887 habeo.

278 947 305 994 †
321 944 562 993 testeum·
579 924 756 967 unam
778 922 1014 981 grecam
1037 950 1054 975 ,
1089 906 1331 967 alteram
1372 906 1613 968 latinam
1632 907 1733 968 dic
1752 924 1903 988 ergo
1922 905 1961 970 ii
1980 926 2079 970 me
2096 925 2261 969 amas
2284 906 2444 989 peri-

278 1008 496 1057 stantiam
579 985 758 1050 stasim
781 984 818 1050 †
833 986 1286 1051 declamationis
1304 1006 1426 1049 tue.
1455 1006 1593 1049 cum
1614 989 1847 1051 dixiffet
1864 1008 2193 1071 agamenon
2216 1004 2447 1071 pauper

479 1086 560 1135 10
579 1070 643 1133 δι
662 1069 828 1131 diues
845 1069 1066 1132 inimici
1087 1086 1254 1132 erant
1273 1115 1290 1142 ,
1313 1070 1397 1131 ait
1415 1070 1756 1132 trimalchio
1773 1071 1912 1154 quid
1937 1069 2018 1135 est
2035 1070 2295 1154 pauper?
2340 1088 2443 1132 ur.

575 1154 726 1217 bane
741 1152 928 1234 inquit
952 1170 1278 1231 agamenon
1301 1200 1317 1225 ,
1337 1152 1403 1214 &
1428 1152 1621 1213 nescio
1637 1172 1816 1236 qumi
1837 1152 2304 1215 controuersiam
2330 1170 2442 1214 ex-

575 1232 788 1320 posuit.
825 1233 1016 1295 statim
1039 1233 1377 1296 trimalchio
1394 1236 1511 1297 hoc
1530 1236 1711 1315 inquit
1730 1232 1770 1296 fi
1789 1234 2004 1298 facium
2039 1235 2119 1297 est
2136 1282 2155 1309 ,
2189 1252 2447 1297 contro-

577 1316 760 1379 uerfia
783 1336 902 1378 non
919 1314 1018 1382 est.
1064 1316 1102 1380 fi
1123 1315 1345 1379 fastum
1368 1336 1487 1379 non
1503 1315 1606 1389 est,
1626 1315 1766 1380 nihil
1782 1316 1884 1379 est.
1920 1318 2028 1380 hec
2046 1319 2281 1403 aliaque
2293 1336 2440 1381 cum

573 1396 914 1463 effusissimis
929 1396 1421 1481 prosequeremur
1437 1398 1897 1467 laudationibus,
1914 1419 2071 1483 rogo
2088 1402 2276 1483 inquit
2292 1420 2441 1481 aga-

473 1492 510 1544 1
522 1490 557 1560 ς
577 1500 798 1546 menon
811 1481 958 1544 mihi
975 1480 1264 1543 cariffime
1279 1502 1395 1543 nun
1440 1482 1539 1543 uid
1558 1482 1885 1544 duodecim
1899 1500 2213 1566 erumpnas
2231 1482 2441 1544 bercu-

577 1565 651 1630 lis
669 1582 852 1636 renes,
871 1580 970 1625 aut
989 1561 1065 1623 de
1085 1561 1257 1627 Vlixe
1277 1562 1416 1627 fabo
1438 1582 1557 1634 am,
1576 1566 2087 1647 quemadmodum
2108 1565 2188 1628 illi
2206 1565 2440 1647 ciclopa

574 1646 858 1733 pollicem
892 1646 1167 1729 poricino
1203 1646 1445 1711 extorsit
1466 1648 1494 1709 ἶ
1532 1644 1793 1709 solebam
1830 1648 1941 1709 hec
1973 1666 2091 1729 ego
2130 1665 2274 1729 puer
2290 1662 2438 1730 aput

571 1734 890 1793 homerum
912 1730 1127 1809 legere.
1178 1728 1343 1792 Nam
1381 1728 1625 1792 sibillam
1644 1728 1887 1811 quidem
1902 1732 2159 1792 cummis
2178 1748 2295 1813 ego
2312 1728 2438 1811 ipse

573 1813 764 1875 oculis
784 1812 929 1874 meis
949 1813 1071 1873 uidi
1095 1813 1150 1873 in
1168 1812 1422 1892 ampolla
1441 1815 1722 1895 pendere.
1783 1813 1850 1875 δε
1886 1832 2027 1875 cum
2048 1812 2129 1875 illi
2150 1812 2314 1896 pueri
2333 1813 2433 1874 di-

272 1896 357 1969 ῒῑῑ
374 1894 536 1969 Ψεῑῖρ-
572 1913 770 1958 cerent
795 1941 810 1963 ‚
833 1894 1018 1957 sibilla
1035 1910 1094 1955 te
1112 1896 1274 1957 thilis
1293 1892 1329 1957 †
1347 1941 1364 1967 ,
1386 1893 1775 1975 respondebat
1794 1896 1892 1957 illa
1915 1942 1932 1968 ,
1955 1915 2071 1979 apo
2090 1896 2231 1958 than
2249 1896 2307 1958 in
2324 1894 2435 1955 be-

273 1972 306 2006 ¹·
325 1958 444 2019 ΨΜ
461 1973 536 2007 '¹¹⁸
572 1981 635 2041 lo
651 1976 704 2042 r.
743 1975 850 2041 Nu
859 1978 930 2038 nd
940 1996 1040 2039 um
1061 1976 1326 2039 effluerat
1343 1978 1563 2049 omnia,
1583 1997 1721 2038 cum
1743 1978 2156 2059 repositorium
2172 1996 2311 2039 cum
2334 1976 2437 2037 sue

268 2042 551 2153 fh‘ssgfssmi
569 2062 788 2141 ingenti
807 2057 1062 2121 mensam
1085 2060 1621 2143 occupauir.mirari
1640 2078 1747 2121 nos
1764 2060 2124 2123 celeritatem
2142 2061 2433 2141 cepimus,

270 2166 444 2215 moriar
573 2144 849 2207 &iurare
867 2160 938 2205 ne
957 2141 1180 2224 gallum
1200 2143 1441 2225 quidem
1460 2142 1831 2223 gallinacium
1850 2159 1977 2205 tam
1995 2144 2123 2204 cito
2142 2140 2431 2225 percoqui

217 2224 220 2232 '
573 2226 819 2309 potuisse
836 2242 1008 2287 tanto
1025 2228 1264 2305 quidem
1285 2226 1479 2307 magis
1494 2226 1655 2307 quod
1678 2224 1852 2307 longe
1872 2226 2072 2287 maior
2104 2224 2275 2287 nobis
2290 2242 2434 2305 por-

469 2328 550 2395 25
572 2326 674 2370 cus
693 2308 1010 2371 uidebatur
1027 2306 1138 2370 effe
1151 2325 1329 2389 quam
1350 2306 1525 2389 paulo
1544 2324 1681 2390 ante
1700 2326 1840 2390 aper
1858 2304 2293 2369 fuerat-deinde
2310 2326 2435 2370 ma·

567 2394 660 2474 gis
673 2393 981 2472 magisque
998 2390 1334 2451 trimalchio
1354 2390 1585 2451 intuens
1605 2407 1741 2450 eum
1758 2392 1895 2472 quid
1917 2391 2061 2472 quid
2081 2389 2271 2471 inquit
2292 2408 2431 2472 por-

565 2492 671 2537 cus
689 2474 782 2535 hic
802 2492 920 2535 non
939 2471 1021 2533 est
1035 2473 1419 2535 exinterarus.
1456 2490 1575 2532 non
1599 2490 1697 2533 me
1719 2474 1984 2535 hercules
2002 2470 2105 2535 est.
2146 2490 2301 2533 noca
2318 2490 2435 2534 uo-

566 2576 634 2616 ca
651 2575 870 2617 cocum
894 2556 951 2614 in
975 2556 1197 2616 medio.
1234 2572 1372 2615 cum
1390 2552 1722 2616 constitisset
1737 2557 1818 2617 ad
1836 2553 2095 2617 mensam
2114 2572 2301 2617 cocus
2322 2556 2431 2616 tri-

566 2636 660 2699 stis
679 2640 742 2697 &
761 2637 987 2699 diceret
1009 2635 1064 2699 se
1081 2637 1339 2699 oblitum
1372 2636 1483 2697 effe
1518 2637 1866 2699 exinterare.
1904 2638 2047 2719 quid
2086 2636 2309 2699 oblitus
2324 2637 2437 2700 tri·

463 2734 551 2803 30
569 2718 826 2781 malchio
842 2715 1134 2781 exclamat
1153 2734 1320 2799 putes
1336 2718 1499 2779 illum
1520 2719 1686 2799 piper
1704 2720 1771 2780 δι
1788 2722 2090 2783 cuminum
2126 2738 2248 2782 non
2280 2738 2435 2781 con-

561 2800 753 2866 iecisse
767 2799 1052 2885 despolia.
1085 2818 1202 2864 non
1219 2798 1286 2862 fit
1303 2818 1479 2863 mora
1498 2800 1857 2884 despoliatur
1874 2818 2058 2867 cocus
2082 2850 2101 2875 ‚
2142 2818 2315 2883 atque
2335 2802 2429 2862 in-

562 2900 656 2947 ter
673 2884 830 2947 duos
850 2900 1116 2947 tortores
1134 2882 1347 2947 mestus
1362 2882 1613 2947 consistit
1634 2930 1649 2957 ‚
1666 2885 1975 2967 deprecari
1997 2902 2197 2947 tamen
2212 2898 2429 2945 omnes

558 2967 930 3050 ceperunt,&
945 2966 1144 3031 dicere
1163 2964 1200 3027 s
1187 2966 1312 3029 olet
1326 2965 1451 3028 fieri
1474 2970 1983 3043 rogamusmittes
1998 2964 2194 3050 postea
2210 2964 2250 3027 fi
2266 2960 2432 3027 fece-

560 3053 844 3121 rit,nemo
863 3048 1124 3113 nostrum
1145 3068 1257 3132 pro
1273 3050 1379 3113 illo
1395 3049 1647 3129 rogabit.
1656 3048 1787 3129 Ego
1804 3048 2201 3113 crudeliffime
2214 3047 2431 3111 seueri-

433 3160 470 3231 3
483 3158 518 3229 5
561 3133 698 3194 tatis
720 3152 838 3195 non
859 3135 1026 3214 potui
1047 3152 1146 3194 me
1165 3150 1369 3193 tenere
1383 3176 1399 3204 ,
1448 3130 1543 3193 sed
1568 3130 1879 3193 inclinatus
1892 3136 1969 3192 ad
1988 3152 2167 3195 aures
2184 3148 2429 3214 agame-

529 3208 932 3295 'nonis‚plane
949 3216 1188 3295 inquam
1211 3214 1307 3275 hic
1327 3211 1507 3275 debet
1528 3210 1725 3275 seruus
1744 3212 1855 3275 esle
1877 3212 2257 3298 nequissimus
2280 3238 2299 3291 3
2319 3212 2428 3277 ali-

553 3298 688 3377 quis
707 3293 1150 3357 obliuisceretur
1159 3314 1422 3437 porcum
1456 3294 1826 3359 exinterare?
1864 3315 1983 3360 non
2020 3314 2121 3361 me
2157 3296 2427 3359 hercules

551 3376 634 3441 illi
655 3376 1018 3462 ignoscerem
1039 3377 1078 3439 si
1099 3376 1154 3457 pi
1181 3394 1312 3439 cem
1336 3376 1611 3458 pretisset.
1626 3396 1689 3439 at
1706 3398 1827 3442 non
1848 3380 2315 3463 trimalchio,qui
2332 3395 2431 3441 re-

549 3459 754 3523 laxato
768 3461 824 3522 in
844 3460 1159 3522 ilaritatem
1181 3460 1514 3541 uulmergo
1532 3460 1717 3544 inquit
1730 3462 1865 3543 quia
1883 3480 2003 3525 tam
2024 3461 2177 3525 male
2192 3480 2433 3525 memo·

443 3568 532 3641 40
549 3544 635 3604 rie
657 3562 744 3614 es,
768 3542 960 3625 palam
983 3544 1156 3607 nobis
1175 3542 1340 3606 illum
1359 3544 1643 3605 exintera.
1690 3546 1959 3628 Recepta
1993 3564 2183 3607 cocus
2222 3545 2428 3607 tunica

543 3626 804 3688 cultrum
830 3628 1072 3709 arripuit
1095 3674 1111 3700 ,
1131 3629 1423 3710 porcique
1440 3643 1709 3689 uentrem
1732 3627 1867 3691 hinc
1890 3644 2066 3711 atque
2082 3628 2243 3691 illinc
2260 3627 2430 3689 timi·

542 3706 618 3771 da
637 3707 1031 3787 manusecuir.
1069 3728 1180 3776 nee
1199 3728 1377 3777 mora
1390 3728 1473 3775 ex
1496 3708 1689 3795 plagis
1728 3707 2013 3794 ponderis
2045 3708 2435 3855 mdg‘r'ssss‘gssf
