2634 4509
417 217 462 272 2
895 198 1913 265 APOLOGIA.

423 322 553 365 tam
575 299 746 365 foedo
763 300 893 363 luto
916 300 1178 366 inficeret
1196 300 1434 383 prorsus
1453 302 1762 384 indignum
1781 349 1798 375 ,
1826 304 1929 387 qui
1946 301 2127 367 altera
2145 302 2415 388 disputa-

423 386 590 449 tione
605 390 724 445 hoc
746 384 906 448 idem
926 401 1343 467 argumentum
1364 431 1379 457 ,
1406 380 1499 444 sed
1520 384 1821 467 aliquanto
1838 386 2159 451 modestius
2197 388 2262 449 δε
2308 405 2413 448 ve-

425 467 744 533 recundifis
759 484 1045 531 executus
1061 464 1160 527 est.
1203 465 1320 531 His
1356 485 1473 549 ego
1508 469 1765 545 geminis
1802 486 2019 532 contra
2040 488 2141 531 me
2156 472 2409 534 actioni-

427 550 537 613 bus
575 548 690 613 fine
725 568 900 611 mora
935 548 1127 609 censui
1167 548 1652 631 respondendum
1674 597 1691 622 ‚
1736 554 1933 634 eoque
1966 551 2091 614 mili
2118 552 2309 615 statim
2330 550 2409 614 ad

423 633 722 697 summum
743 633 930 694 virum
954 630 1053 694 M.
1069 632 1461 693 Mocenicum
1498 649 1839 695 accuratam
1864 638 1973 696 hac
2006 635 2085 697 de
2101 652 2169 697 re
2190 634 2415 699 Differ-

427 718 742 784 tationem,
763 732 941 795 quam
963 715 1146 777 etiam
1167 715 1326 796 typis
1356 714 1587 777 editam
1623 716 1733 777 efle
1764 717 1987 791 audio:
2024 734 2207 801 atque
2224 719 2369 781 inea
2391 764 2411 789 ‚

424 816 710 882 quantum
725 797 964 879 ingenio
980 796 1045 859 &
1061 796 1344 858 industria
1360 798 1587 861 conniti
1646 798 1796 872 orni,
1814 819 1955 862 cum
1970 800 2277 881 utriusque
2294 800 2417 861 dis-

425 878 762 967 putationis,
782 880 1151 963 argumentis
1203 880 1479 961 pugnavi.
1530 818 1715 944 sossm
1766 900 1969 945 autem
2010 884 2223 967 exequi
2268 900 2413 944 tunc

425 962 612 1027 visum
635 959 720 1022 est
753 978 984 1046 partem
1021 960 1433 1023 controversie
1472 982 1601 1047 quae
1630 963 1774 1039 juris
1806 966 2269 1049 quodammodo
2300 962 2415 1026 ess'e

428 1043 738 1109 videbatur
755 1090 774 1117 ,
809 1044 882 1106 iis
915 1044 1200 1107 duntaxat
1235 1047 1601 1125 argumentis
1636 1048 1703 1109 &
1740 1048 2073 1112 rationibus
2090 1047 2373 1110 adhibitis
2388 1092 2409 1121 ,

424 1147 550 1211 quae
565 1128 643 1189 ad
664 1126 1024 1190 afferendam
1041 1127 1166 1203 ejus
1181 1130 1631 1207 germanitatem
1668 1146 1747 1190 ex
1778 1130 1951 1211 ipsius
1987 1132 2185 1193 verbis
2199 1151 2269 1191 ac
2287 1130 2419 1193 sen·

423 1210 624 1275 tentiis
639 1210 780 1271 duci
798 1225 1109 1293 poterant:
1145 1210 1288 1272 cum
1325 1207 1509 1271 fretus
1526 1211 1917 1285 abundantii,
1972 1230 2039 1275 ut
2058 1215 2139 1275 ita
2162 1214 2363 1275 dicam
2385 1257 2406 1286 ,

423 1311 694 1358 mearum
715 1294 954 1366 virium,
971 1293 1228 1376 experiri
1244 1292 1681 1367 constituiffem,
1703 1295 1917 1376 ecquid
1942 1312 2013 1357 ea
2030 1294 2157 1355 sola
2173 1296 2249 1355 ad
2268 1314 2415 1355 cau-

423 1377 546 1442 sam
590 1374 979 1438 obtinendam
1000 1373 1132 1437 satis
1145 1374 1323 1437 eflent
1340 1422 1359 1451 ,
1400 1374 1629 1437 omiffis
1666 1375 2023 1451 adjumentis
2060 1394 2185 1459 quae
2200 1378 2419 1439 codex>

421 1456 1849 1625 ἷῗῗεῗὲἕέἱὶῲῗὲῗέἓῑίῗῖἓἭξὲὲῗὲἑιῗῖἛ
1864 1458 2287 1603 Ξὲἕέἑὲὲἓὲ
2298 1474 2416 1601 ἔὲἶ

424 1625 578 1690 dicis
597 1622 956 1707 inspeffione
972 1642 1190 1703 magna
1209 1626 1387 1704 copia
1402 1624 1640 1687 alterius
1672 1628 1856 1707 partis
1871 1621 2285 1687 controverfiae
2302 1640 2415 1683 ex-

422 1706 696 1771 ercendae
715 1753 734 1780 ,
772 1726 898 1789 quae
933 1708 1124 1800 magis
1155 1705 1295 1769 fasti
1331 1706 1449 1779 est,
1492 1706 1687 1771 rursus
1716 1710 1795 1769 ad
1832 1709 1985 1769 hanc
2000 1707 2241 1791 causam
2260 1708 2417 1767 inte-

411 1796 596 1877 ‘gram
616 1837 633 1863 ,
681 1808 803 1852 non
825 1788 946 1865 iam
966 1788 1242 1870 privatim
1279 1792 1346 1853 δι
1363 1808 1505 1851 cum
1522 1790 1734 1854 amicis
1750 1836 1765 1857 .
1787 1788 1883 1851 sed
1904 1792 1961 1853 in
1980 1789 2207 1865 iudicio
2224 1788 2419 1851 disce-

423 1873 711 1959 ptandam
734 1890 834 1935 me
849 1868 1128 1945 confer0,
1151 1890 1384 1954 vosque
1401 1892 1539 1943 or0,
1566 1873 1631 1935 δε
1650 1872 1917 1933 obtestor
1934 1870 2003 1933 P.
2022 1871 2105 1933 C.
2122 1891 2207 1936 ur.
2230 1871 2267 1934 fi
2285 1890 2416 1954 quae!

424 1954 690 2019 dicturus
705 1955 887 2017 bodie
907 1952 1032 2016 sum
1052 1953 1397 2037 probavero
1422 2002 1439 2025 ‚
1504 1976 1625 2017 non
1645 1955 1835 2015 solum
1856 1956 1937 2015 de
1949 1972 2085 2016 mea
2100 1954 2273 2036 ipfius
2310 1952 2417 2016 sed.

425 2040 605 2103 etiam
623 2037 702 2099 de
723 2038 892 2115 hujus
913 2033 1109 2119 scripti
1127 2038 1481 2107 innocentia,
1504 2039 1571 2099 &
1584 2056 1859 2097 meorum
1878 2036 2289 2100 accusatorum
2312 2054 2419 2097 va-

427 2124 612 2187 nitate
629 2119 746 2183 fine
761 2121 1142 2183 dubitatione
1164 2120 1595 2201 pronuncieris.
1615 2118 1855 2180 Interim
1878 2121 2027 2181 dum
2051 2121 2173 2182 mei
2192 2118 2331 2181 facti
2354 2120 2431 2181 iu'

425 2208 546 2269 hoc
565 2220 706 2266 toto
722 2204 972 2287 negotio
994 2202 1200 2265 versati
1222 2204 1517 2265 rationem
1542 2204 1715 2263 vobis
1731 2220 1975 2287 expono
1990 2248 2009 2276 ,
2028 2203 2235 2279 utiam
2256 2202 2417 2263 face-

428 2306 497 2353 re
527 2287 837 2369 incepistis,
861 2286 1054 2369 quaelo
1074 2286 1388 2366 diligenter
1402 2285 1711 2349 attendite.

433 2390 548 2532 L
567 2388 752 2472 Onge
769 2388 916 2451 mihi
930 2388 1038 2449 alia
1058 2404 1226 2450 mens
1242 2384 1343 2457 est,
1372 2384 1436 2447 P.
1462 2382 1539 2449 C.
1574 2386 1711 2447 cum
1734 2386 1814 2446 de
1832 2384 2207 2470 proferendis
2222 2386 2281 2447 in
2301 2400 2417 2464 pu-

567 2472 791 2534 blicum
829 2470 1042 2552 ingenii
1082 2470 1199 2531 mei
1221 2471 1625 2531 monumentis
1646 2468 1919 2531 delibero
1954 2472 2134 2551 quam
2176 2464 2417 2529 accusa·

428 2556 548 2618 tori
569 2574 711 2617 meo
729 2552 876 2625 fuit,
923 2552 1062 2615 cum
1099 2552 1451 2615 criminibus
1479 2552 1640 2632 prius
1659 2552 1817 2636 apud
1858 2570 1965 2613 vos
2004 2546 2413 2633 pronunciatis

427 2642 605 2723 quam
641 2634 796 2715 apud
837 2636 892 2694 le
927 2636 1214 2717 cogitatis
1233 2636 1290 2695 in
1313 2632 1531 2698 famam
1552 2653 1889 2718 nomenque
1920 2652 2115 2696 meum
2136 2632 2417 2715 grassatus

427 2722 530 2783 est.
569 2720 726 2781 adeb
760 2718 919 2778 enim
955 2716 1122 2779 tanta
1161 2718 1220 2778 in
1243 2735 1307 2777 re
1346 2718 1490 2793 nihil
1522 2718 1897 2801 inexplorato
1936 2716 2193 2801 nihilque
2229 2729 2417 2775 reme-

429 2801 658 2867 remihi
678 2798 1100 2881 suscipiendum
1117 2798 1429 2874 existimo,
1475 2816 1541 2862 ut
1556 2802 1809 2883 gratiam
1830 2800 2186 2871 celeritatis,
2232 2812 2411 2878 quam

425 2884 596 2950 illum
619 2881 880 2945 secutum
905 2881 1123 2956 video,
1163 2900 1290 2946 rem
1319 2887 1513 2965 pueris
1547 2878 1745 2947 modb
1768 2930 1785 2957 ,
1822 2887 1899 2945 ad
1941 2880 2208 2944 indolem
2244 2880 2415 2959 inge·

429 2964 1986 3115 23315‘312‘333222‘{⁴:33‘'sssssz‘ssxfflssssstmfflssssssss
2007 2960 2410 3107 ’ἓᾰὲῗὲῗὲῒ

429 3152 610 3215 atque
625 3133 700 3194 ad
723 3071 1076 3194 aboltcltndam
1111 3134 1190 3194 ab
1225 3134 1561 3214 ineptorum
1586 3097 1961 3214 Scriptorum
1986 3127 2143 3190 fama
2164 3088 2417 3189 stultitiae’

428 3232 636 3279 notam
659 3262 676 3286 ‚
702 3214 995 3275 infirmam
1013 3214 1126 3275 effe
1142 3215 1412 3277 statuam.
1459 3216 1635 3291 Qun
1681 3230 1815 3273 uam
1836 3212 1992 3274 enim
2012 3214 2091 3273 de
2107 3212 2416 3291 fragmen-

428 3314 500 3359 to
541 3295 896 3357 Petroniano
931 3296 996 3354 δε
1018 3314 1150 3356 mea
1177 3296 1383 3375 sponte
1402 3296 1634 3375 optime
1674 3294 1969 3355 entiebam
1992 3341 2007 3367 ,
2028 3294 2097 3355 &
2115 3293 2277 3354 viros
2296 3292 2416 3350 do·

429 3376 718 3442 &iffimos
762 3379 932 3451 huius
967 3378 1084 3438 mei
1121 3376 1318 3451 iudicii
1354 3378 1628 3439 auc‘tores
1673 3377 1737 3437 ἃ
1776 3373 2186 3459 suffragatores
2225 3374 2413 3436 babe-

427 3462 616 3538 bam3
653 3462 779 3537 ejus
815 3476 1018 3522 tamen
1041 3459 1320 3541 vulgandi
1356 3460 1658 3523 confilium
1696 3460 1930 3523 &meis
1948 3456 2418 3521 animadverlio-

427 3544 600 3607 uibus
619 3542 940 3605 illustrandi
963 3591 982 3614 ,
1022 3561 1142 3603 non
1161 3544 1359 3605 modo
1377 3544 1532 3604 ultra
1552 3544 1921 3625 praescriptos
1956 3546 1991 3605 ὲ
2030 3537 2414 3625 prudentiffi-

427 3644 537 3692 mo
557 3625 876 3688 Poetarum
899 3644 1116 3688 novem
1133 3644 1320 3689 annos
1339 3625 1495 3709 apud
1514 3643 1614 3688 me
1636 3626 1803 3711 preffi
1824 3675 1841 3699 ‚
1891 3625 1991 3688 sed
2020 3625 2251 3687 tantum
2290 3644 2415 3685 nou

469 3709 661 3771 rorsus
677 3706 890 3783 abjeci.
936 3710 1154 3771 veritus
1187 3712 1409 3795 quippe
1446 3708 1570 3771 sum
1593 3756 1611 3783 ,
1646 3710 1707 3773 id
1730 3710 1894 3793 quod
1912 3708 2111 3771 evenit
2132 3754 2149 3777 ‚
2192 3724 2267 3769 ne
2282 3707 2417 3787 quis

421 3730 724 3857 litterator
761 3790 996 3858 insulsus
1018 3836 1035 3863 .
1063 3794 1131 3857 Bc
1169 3792 1343 3875 hujus
1379 3790 1580 3858 fimilis
1621 3792 1892 3858 existeret
1914 3839 1933 3869 ,
1967 3790 2067 3877 qui
2106 3792 2225 3855 mei
2270 3788 2411 3853 fasti

2219 3890 2427 3957 repte-
