2634 4509
699 269 753 334 A
830 268 891 335 R
968 268 1018 334 Β
1098 268 1131 335 1
1207 266 1272 333 T
1352 266 1406 337 Ε
1482 266 1564 335 R.
1972 276 2057 359 ἰς

477 368 720 435 Raetiae
732 374 982 453 gremium
990 374 1166 451 secreti
1181 374 1391 449 onustius
1406 376 1543 433 aseri.

486 467 618 519 Mox
633 454 976 533 aufugerunt
991 459 1180 534 duflum
1193 457 1387 535 gaudia
1400 474 1620 517 menum

481 546 706 617 veraque
712 538 884 615 jimna
902 538 1054 609 redit,
1078 542 1281 598 animus
1297 542 1431 616 quod
1440 540 1659 617 perdidit
1674 542 1837 617 ὁμοί.

461 698 466 703 .
479 627 658 700 Atque
675 620 732 680 in
745 618 1050 699 pravitas&
1066 637 1202 681 eom
1219 623 1440 699 imagine
1452 625 1639 701 uersae.
1684 680 1691 687 ,

1644 698 1873 774 Versus
1964 700 2053 773 X.

199 864 342 1025 C
359 862 678 931 Vbiculum
699 880 898 929 autem
917 882 1121 933 meum
1140 867 1295 931 ctifis
1316 866 1559 930 intrauit
1580 914 1595 939 ,
1618 867 2055 951 codicillosque

360 950 502 1012 mihi
524 948 772 1011 domine
789 948 883 1012 sue
903 952 1168 1013 reddidit
1201 954 1258 1013 in
1275 950 1485 1033 quibus
1505 954 1611 1011 hec
1630 967 1796 1013 eraut
1818 950 2051 1031 scripta.

193 1031 539 1099 Libidinosa
558 1030 730 1093 estem
747 1034 1022 1113 quererer
1038 1034 1306 1115 decepta,
1330 1051 1481 1093 nunc
1498 1033 1676 1094 etiam
1694 1036 1912 1116 gratias
1934 1032 2051 1093 lan-

195 1117 488 1202 gotinge.
513 1115 568 1177 in
590 1114 798 1177 umbra
820 1115 1136 1197 voluptatis
1153 1115 1377 1177 diutius
1397 1112 1513 1177 iuli.
1533 1115 1674 1197 quid
1696 1134 1893 1177 tamen
1914 1133 2051 1209 agas

191 1217 400 1282 quero.
420 1200 486 1259 &
503 1216 576 1259 an
596 1199 709 1259 tuis
730 1196 980 1277 pedibus
1002 1199 1337 1280 perueneris
1354 1196 1627 1259 domum.
1655 1216 1869 1278 negant
1888 1196 2047 1261 emm

191 1280 412 1345 medici
429 1278 544 1343 fine
566 1280 813 1363 pedibus
833 1278 991 1363 poffe
1007 1282 1110 1341 ire.
1145 1276 1396 1341 narrabo
1420 1280 1527 1341 tibi
1546 1280 1912 1342 adolescens,
1949 1300 2055 1362 pa-

193 1362 403 1429 ralifim
425 1380 590 1425 caue.
651 1382 948 1444 nunquam
987 1382 1196 1445 egium
1234 1378 1357 1422 tam
1380 1380 1602 1444 magno
1623 1362 1887 1443 periculo
1902 1362 2051 1423 uidi.

190 1444 599 1511 mediusfidius
615 1444 732 1507 iam
755 1442 967 1525 periisti
987 1493 1004 1519 ‚
1047 1444 1208 1527 quod
1231 1444 1270 1506 li
1289 1442 1479 1527 frigus
1514 1446 1673 1507 idem
1711 1464 1899 1529 genua
1920 1462 2051 1505 ma-

191 1544 420 1609 nusque
435 1528 751 1589 tentauerit
770 1546 900 1589 tuas
924 1528 1062 1589 licet
1079 1529 1154 1589 ad
1178 1525 1469 1587 tubicines
1489 1528 1711 1589 mittes.
1739 1528 1879 1614 quid
1901 1530 2049 1607 ergo

189 1610 272 1672 est
291 1612 319 1673 ἶ
357 1610 536 1673 etiam
557 1606 598 1673 fi
615 1628 856 1691 gravem
881 1610 1154 1673 iniuriam
1176 1610 1409 1691 excepit
1444 1610 1669 1689 homini
1690 1626 1811 1671 tam
1830 1608 2048 1669 misero

189 1712 310 1755 non
329 1692 566 1754 invenio
587 1690 964 1755 medicinam.
1003 1691 1040 1753 fi
1065 1694 1152 1755 uis
1169 1692 1329 1753 finnus
1350 1692 1455 1751 effe
1474 1692 1736 1771 gythona
1756 1696 1922 1771 roga·-
1962 1706 2049 1749 re-

190 1776 370 1856 cipies
391 1776 620 1855 inquam
647 1792 860 1835 neruos
881 1792 1020 1837 tuos
1053 1775 1093 1837 fi
1131 1776 1337 1837 triduo
1358 1774 1471 1837 fine
1491 1770 1674 1835 fratre
1690 1772 2007 1834 dormieris
2024 1814 2047 1843 ,

190 1877 327 1921 nam
351 1855 514 1948 quod
551 1855 624 1917 ad
663 1875 760 1917 me
780 1856 986 1919 attinet
1006 1903 1021 1929 ,
1065 1877 1181 1920 non
1217 1860 1406 1917 timeo
1442 1857 1643 1937 nequis
1680 1856 2009 1918 inueniatur
2028 1897 2047 1923 ,

187 1941 285 2001 cui
307 1957 494 1999 minus
514 1938 791 2017 placeam.
830 1959 938 2001 nec
959 1938 1251 2020 speculum
1275 1940 1419 2001 mibi
1439 1956 1545 2000 nec
1562 1936 1721 2001 fama
1742 1938 2051 2000 mentitura

189 2022 268 2103 ,Et
289 2020 578 2083 intellexit
593 2020 787 2083 chrilis
807 2040 902 2083 me
925 2022 1218 2103 perlegisse
1237 2038 1432 2083 totum
1454 2022 1812 2083 conuicium.
1858 2020 2047 2080 solent

186 2102 374 2186 inquit
412 2100 534 2165 fieri
557 2150 574 2175 ,
615 2104 678 2165 &
715 2106 994 2186 precipue
1029 2106 1088 2168 in
1125 2106 1234 2167 hac
1269 2106 1509 2167 civitate
1533 2104 1587 2166 in
1615 2122 1729 2187 qua
1767 2102 2047 2165 mulieres

188 2190 366 2249 etiam
385 2186 689 2245 deducunt
708 2185 940 2248 lutiam.
977 2188 1172 2269 itaque
1195 2188 1366 2249 huius
1400 2206 1642 2271 quoque
1661 2188 1745 2250 rei
1762 2204 1900 2248 cura
1920 2186 2047 2267 agi:-

185 2284 287 2331 tur
309 2314 324 2341 ,
369 2266 754 2329 rescribemus
775 2268 1046 2332 blandius
1063 2272 1309 2332 domine
1334 2319 1349 2343 ,
1393 2272 1771 2352 animumque
1789 2266 2047 2329 candida.

185 2350 551 2413 humanitate
569 2348 821 2414 restitue.
862 2370 1064 2413 uerum
1089 2354 1243 2414 enim
1279 2350 1584 2416 fatendum
1609 2399 1625 2426 ,
1666 2354 1743 2415 eit
1761 2354 1879 2432 qua
1899 2352 2049 2410 hora

185 2432 458 2497 iniuriam
475 2433 705 2515 accepit
727 2480 744 2506 ,
784 2435 940 2513 apud
963 2433 1019 2495 se
1039 2453 1156 2498 non
1192 2432 1289 2497 est.
1332 2436 1587 2499 libenter
1620 2435 1859 2517 quidem
1923 2432 2047 2493 arui

185 2514 396 2579 ancille
414 2560 429 2583 ,
467 2516 762 2597 uerbaque
778 2517 1090 2581 codicellis
1110 2518 1250 2581 talia
1271 2518 1545 2603 imposui.
1586 2516 1845 2580 Olienos
1926 2516 2049 2577 irce

183 2598 426 2661 salutem
451 2646 466 2670 ,
514 2597 708 2659 fateor
739 2599 982 2661 domina
1021 2605 1120 2661 t'ne
1133 2598 1268 2682 sepe
1287 2596 1570 2687 peccass'e.
1612 2610 1745 2663 narn
1768 2599 1833 2660 &
1852 2597 2044 2658 homo

183 2682 309 2744 sum
333 2728 350 2754 ,
393 2682 458 2742 δι
491 2682 685 2744 adhuc
703 2681 928 2745 iuuenis
964 2703 1255 2769 nunquam
1293 2688 1497 2748 'tamen
1534 2700 1671 2744 ante
1707 2682 1859 2743 hunc
1876 2680 2043 2741 diem
2136 2742 2147 2751 ,

183 2764 363 2846 usque
401 2766 480 2827 ad
525 2782 784 2828 mortem
843 2764 1080 2847 deliqui.
1137 2766 1325 2829 habes
1360 2766 1598 2849 inquam
1653 2762 2041 2833 confitentem

183 2864 352 2911 teum
378 2894 392 2919 ‚
435 2846 714 2932 quicquid
735 2846 950 2911 iusseris
970 2849 1183 2917 metui.
1219 2851 1627 2931 proditionem
1666 2846 1805 2911 feci.
1847 2844 2047 2907 homi-

183 2948 318 2993 nem
340 2932 557 2993 occidi.
596 2931 882 3014 templum
917 2929 1160 2993 uiolaui.
1198 2932 1258 2993 in
1299 2930 1408 2994 hec
1428 2930 1694 2994 facinora
1712 2934 1892 3011 quere
1912 2924 2047 3009 sup-

180 3010 422 3092 ‘plicium
443 3013 559 3075 liue
589 3015 872 3076 occidere
892 3014 1085 3098 placet
1107 3012 1264 3076 ferro
1284 3032 1427 3078 meo
1445 3014 1662 3075 uenio:
1700 3012 1819 3075 siue
1836 3010 2049 3071 nerbea

184 3088 352 3153 ribus
371 3112 652 3159 contenta
685 3116 748 3158 es
789 3112 970 3159 curro
985 3094 1180 3159 nudus
1211 3096 1288 3158 ad
1320 3096 1653 3159 dominam.
1704 3095 1769 3158 id
1809 3105 2041 3155 tantum

179 3184 489 3235 memento
511 3214 528 3248 ‚
567 3198 686 3241 non
708 3198 806 3243 me
825 3178 922 3241 sed
945 3178 1320 3243 instrumenta
1338 3174 1617 3263 peccass‘e.
1671 3193 1909 3261 paratus
1926 3175 2045 3237 mi-

183 3256 271 3319 les
292 3262 457 3318 arma
475 3268 594 3320 non
615 3262 813 3325 habuis
851 3264 1129 3347 quishec
1165 3262 1500 3327 turbauetit
1518 3258 1735 3323 nescio.
1802 3256 2044 3321 forsitan

179 3338 412 3401 animus
429 3340 789 3404 antecesserit
807 3364 1044 3409 moram
1061 3348 1333 3428 corporis
1356 3380 1373 3417 ‚-
1412 3342 1653 3407 forfitan
1668 3341 1817 3411 dn‘m
1836 3342 2045 3405 omnia

181 3421 541 3503 concupisco
561 3425 923 3501 uoluptatem
949 3447 1225 3509 tempore
1243 3426 1575 3510 consumpsi
1597 3475 1613 3502 ,
1654 3444 1773 3489 non
1806 3421 2047 3488 inuenio

182 3506 346 3587 quod
389 3502 527 3566 feci.
570 3505 856 3568 Praliffim
883 3524 1079 3571 tamen
1099 3528 1314 3573 cauere
1334 3514 1503 3575 iubes
1524 3542 1543 3584 ς
1584 3526 1885 3593 tamquam
1925 3508 2048 3569 iam·

183 3587 379 3648 maior
414 3584 534 3648 fieri
575 3586 790 3669 pofiit,
829 3608 950 3671 que
983 3588 1220 3653 abstulit
1253 3596 1397 3655 mihi
1418 3642 1435 3667 ‚
1482 3592 1642 3675 quod
1663 3597 1843 3653 etiam
1864 3606 1927 3650 te
1947 3588 2051 3649 ha-

183 3668 328 3732 bere
344 3673 537 3751 potui.
577 3670 802 3731 summa
823 3688 1020 3733 tamen
1053 3672 1445 3749 excusationis
1478 3695 1615 3739 mee
1652 3676 1764 3737 hec
1782 3672 1883 3737 est.
1922 3670 2053 3755 pla-³

180 3755 340 3817 cebo
357 3754 466 3819 tibi
485 3751 526 3817 li
544 3770 640 3816 me
659 3754 896 3839 culpam
914 3755 1548 3901 emendareedimiseris
1960 3834 1967 3843 ι
