2634 4509
853 282 862 295 .
1943 260 2023 333 31

176 348 306 483 V
337 340 550 407 Enerat
581 341 698 405 iam
718 342 938 406 tercius
975 340 1106 406 dies
1125 339 1188 405 id
1212 338 1292 403 est
1326 340 1661 423 expectatio
1676 338 1862 405 libere
1875 360 2026 405 cene

331 424 436 491 sed
497 442 594 489 tot
629 424 968 489 uulneribus
1003 422 1292 487 confoffis
1328 422 1469 507 fuga
1505 424 1695 507 magis
1748 422 2023 509 placebat

164 530 342 593 quam
363 510 548 591 quies.
587 508 785 593 itaque
801 526 938 571 cum
960 506 1124 570 mesti
1158 505 1627 571 deliberaremus
1642 525 1899 590 quonam
1918 526 2024 591 ge-

167 611 302 655 nere
337 590 663 673 presentem
697 591 1049 653 euitaremus
1081 608 1196 673 pro
1210 588 1425 653 cellam
1446 637 1463 664 ,
1507 609 1653 654 unus
1672 589 1867 673 seruus
1884 610 2023 671 aga-

164 675 439 737 menonis
457 672 852 757 interpellavit
872 672 1256 756 trepidantes,
1278 670 1345 733 &
1362 673 1504 758 quid
1526 692 1637 736 uos
1651 672 1863 756 inquit,
1888 671 2013 734 nes·
2044 678 2081 749 5

167 758 300 819 citis
323 754 502 818 hodie
535 755 692 839 apud
711 773 890 837 quem
911 754 1056 819 fiat?
1096 754 1441 817 trimalchio
1460 754 1807 819 lautiffimus
1828 755 2018 816 homo
2075 782 2081 789 ·

166 837 542 921 horologium
580 840 636 901 in
671 837 932 903 triclinio
969 838 1036 900 &
1071 834 1481 900 bucinatorem
1525 836 1705 901 habet
1739 836 2021 900 suborna-

162 938 290 983 tum
313 967 330 995 ,
371 939 433 981 ut
454 919 699 983 subinde
731 921 875 983 sciat
893 938 1174 1003 quantum
1192 921 1273 982 de
1290 920 1409 982 uita
1468 920 1773 983 crdiderit.
1810 919 2020 983 amici-

165 1022 299 1066 mur
317 1021 465 1077 ergo
495 1002 810 1087 diligenter
822 1002 997 1066 obliti
1031 1002 1296 1067 omnium
1319 1022 1417 1065 ma
1440 1022 1636 1066 orum.
1676 1003 1742 1065 δε
1768 1001 2014 1086 githona

160 1082 536 1149 libentiffime
569 1086 772 1149 seruile
793 1084 1058 1149 officium
1078 1103 1341 1148 tuentem
1365 1133 1381 1160 ,
1420 1082 1594 1168 nsque
1612 1086 1729 1147 hoc
1745 1083 2017 1163 jubemus
2044 1091 2125 1137 10

161 1170 222 1233 in
255 1168 470 1231 balneo
507 1169 687 1251 sequi.
723 1189 832 1231 nos
862 1168 1074 1231 interin
1097 1168 1281 1232 uestiti
1313 1188 1509 1230 errare
1540 1170 1832 1253 cepimus.
1867 1187 2017 1246 ymo

157 1250 346 1314 iocari
379 1252 569 1333 magis
607 1252 926 1314 &circulis
959 1251 1268 1315 ludentem
1288 1248 1569 1313 accedere
1590 1298 1605 1323 ,
1642 1270 1781 1313 cum
1818 1248 2013 1313 subito

159 1332 428 1397 uidemus
447 1334 640 1397 senem
659 1335 890 1396 caluum
910 1335 1102 1397 tunica
1140 1332 1407 1397 vestitum
1430 1333 1607 1397 russea
1621 1336 1773 1397 inter
1788 1351 2009 1417 pueros

156 1416 470 1498 capillatos
505 1417 806 1481 ludentem
829 1418 964 1500 pila.
1003 1435 1112 1478 nec
1130 1433 1258 1479 tam
1279 1417 1445 1499 pueri
1461 1435 1573 1479 nos
1596 1466 1611 1489 ,
1647 1433 2005 1500 quamquam

156 1516 284 1561 erat
315 1520 356 1561 o
400 1518 496 1562 ere
523 1504 788 1581 precium
809 1502 880 1561 ad
917 1497 1305 1580 speEiaculum
1329 1500 1622 1562 duxerant
1639 1546 1655 1571 ‚
1696 1518 1871 1583 quam
1893 1496 2010 1582 ipse
2036 1501 2065 1545 1
2080 1498 2116 1569 ς

155 1598 337 1676 pater.
363 1582 598 1655 amilie,
639 1583 738 1665 qui
777 1582 1028 1643 soleatus
1063 1582 1178 1667 pila
1206 1580 1431 1666 prasina
1461 1581 1866 1677 eirercebatur.
1900 1597 2010 1640 nec

153 1683 296 1808 1²:¹3?
293 1662 1507 1829 ssssssssffissssffii‘tbsssszu‘}‘321‘131‘32‘321‘335
1512 1660 1892 1809 352‘231325
1907 1660 2013 1806 ἓξ.

155 1828 413 1891 tauimus
450 1830 628 1891 etiam
654 1849 748 1891 res
785 1850 1006 1903 nouas,
1047 1852 1184 1893 nam
1205 1828 1333 1891 duo
1370 1830 1659 1913 spadones
1694 1833 1750 1891 in
1786 1824 2011 1890 diuersa

153 1928 328 1995 parte
354 1912 558 1976 circuli
575 1912 804 1975 stabant
825 1960 842 1985 ,
923 1932 1139 1975 uorum
1157 1912 1306 1975 alter
1324 1914 1623 1976 matellam
1662 1909 1899 1973 tenebat
1918 1926 2007 1971 ar·
2032 1908 2121 1956 20

151 2010 430 2077 genteam
451 2042 470 2069 ,
487 1995 638 2059 alter
653 1935 1003 2058 numerzibat
1025 1994 1192 2077 pilas,
1217 2015 1337 2057 non
1356 1998 1593 2078 quidem
1612 2014 1709 2057 eas
1729 2012 1843 2077 que
1863 1994 2015 2055 inter

155 2096 366 2139 manus
381 2076 508 2139 lusu
526 2079 856 2159 expellente
873 2076 1151 2142 uibrabat
1167 2126 1186 2153 ,
1227 2078 1326 2140 sed
1345 2098 1441 2141 eas
1459 2080 1645 2161 quein
1664 2096 1883 2139 terram
1903 2074 2015 2136 de-

152 2160 460 2229 cidebant.
495 2160 762 2226 cumbas
782 2179 934 2243 ergo
951 2162 1238 2225 miramur
1251 2160 1518 2225 lauticias
1540 2210 1557 2236 ,
1596 2162 1853 2243 accurrit
1884 2175 2017 2219 me-

150 2239 442 2315 nehus&
457 2244 553 2306 hic
569 2243 650 2305 est
667 2243 854 2327 inquit
871 2244 1026 2329 apud
1046 2264 1222 2327 quem
1242 2242 1511 2307 cubitum
1532 2244 1774 2329 ponitis.
1787 2246 1849 2305 δε
1866 2236 2009 2323 quid

151 2326 274 2387 iam
293 2328 646 2409 principium
667 2345 810 2391 cene
843 2322 1052 2389 uide'tis
1069 2330 1098 2390 Ρ
1134 2328 1337 2391 &iam
1354 2348 1475 2390 non
1508 2328 1863 2410 loquebatur
1878 2339 1999 2385 me·
2024 2330 2106 2399 25

151 2405 356 2469 nelaus
371 2426 510 2471 cum
530 2408 868 2473 trimalchio
885 2409 1108 2493 digitos
1125 2410 1573 2493 concrepuit‚ad
1595 2410 1759 2493 quod
1780 2406 2005 2489 signum

151 2490 450 2555 matellam
489 2492 673 2576 spado
705 2492 934 2555 ludenti
975 2494 1245 2555 subiecit.
1293 2510 1611 2555 exonerata
1646 2490 1743 2555 ille
1776 2488 2009 2551 uescica

147 2592 361 2655 aquam
399 2576 674 2658 poposcit
691 2577 766 2637 ad
803 2593 1011 2637 manus
1043 2575 1386 2659 digitosque
1416 2573 1697 2657 adsperos
1710 2570 2010 2656 paululum

145 2656 208 2717 in
226 2658 424 2738 capite
439 2661 604 2738 pueri
621 2658 802 2722 tersit.
833 2657 1082 2739 longum
1101 2675 1227 2721 erat
1245 2656 1464 2739 singula
1483 2658 1779 2739 excipere.
1811 2655 2011 2747 itaque

139 2737 492 2805 intrauimus
510 2740 871 2815 balneum‚&
887 2738 1100 2803 sudore
1116 2738 1347 2805 calfasti
1367 2756 1687 2803 momento
1700 2753 2007 2821 temporis,
2028 2744 2115 2811 30

147 2823 224 2883 ad
265 2820 538 2905 frigidam
560 2826 876 2887 eximmus.
909 2824 1026 2886 iam
1063 2822 1404 2887 trimalchio
1426 2838 1723 2907 vnguento
1743 2816 2006 2899 perfusus

146 2904 510 2981 tergebatur.
549 2928 667 2971 non
686 2906 914 2987 linteis,
955 2904 1052 2967 sed
1081 2906 1274 2989 palliis
1292 2925 1369 2967 ex
1392 2906 1521 2968 lana
1556 2900 1899 2967 molliffima
1916 2897 2009 2961 fa·

147 2986 282 3049 stis.
323 3007 442 3051 tres
480 2992 738 3055 interimi
779 2988 1060 3068 atraliptae
1101 2990 1162 3051 in
1196 2987 1513 3069 conspeetu
1548 2987 1671 3063 eins
1716 2983 2005 3059 falernum

145 3069 459 3150 potabant.
496 3074 561 3135 δε
579 3095 718 3137 cum
741 3074 1056 3158 plurimum
1075 3072 1335 3135 rixantes
1351 3068 1717 3133 effunderent
1736 3116 1754 3143 ,
1786 3064 2013 3129 trimal-

144 3152 289 3210 chio
307 3154 424 3214 hoc
447 3155 608 3219 suum
645 3154 964 3240 propinasse
980 3152 1272 3225 dicebat&
1287 3154 1423 3216 hinc
1443 3152 1741 3216 inuolutus
1758 3150 2003 3213 coccina
2030 3148 2113 3221 35

143 3230 320 3295 causa
335 3235 615 3316 paleciice
635 3240 936 3320 impositus
956 3236 1038 3301 est
1056 3286 1072 3313 ,
1115 3238 1575 3320 precedentibus
1594 3234 1853 3299 faleratis
1870 3250 2009 3294 cur-

141 3312 374 3379 soribus
397 3335 656 3400 quatuor
671 3367 688 3387 .
731 3321 797 3384 δε
813 3322 1162 3385 chiramasio
1181 3368 1200 3394 ,
1239 3322 1296 3384 in
1316 3342 1441 3405 quo
1458 3320 1669 3383 delicie
1688 3319 1811 3397 ejus
1832 3316 2013 3377 uehe-

145 3401 364 3463 bantur
383 3446 400 3471 ‚
442 3420 587 3483 puer
617 3402 846 3465 uetulus
878 3406 1068 3487 lippus
1087 3406 1343 3467 domino
1380 3403 1794 3467 trimalchione
1810 3397 2013 3463 defor-

142 3484 332 3547 mior.
387 3480 548 3545 Cum
571 3504 719 3565 ergo
753 3484 1050 3548 auferetur
1065 3486 1142 3547 ad
1181 3504 1363 3568 caput
1382 3486 1507 3563 ejus
1528 3534 1543 3557 ,
1590 3504 1731 3545 cum
1750 3480 2011 3545 minimis

145 3566 606 3649 symphoniacus
627 3568 787 3629 tibiis
803 3566 1060 3629 accessit.
1080 3567 1142 3629 δε
1167 3582 1470 3650 tamquam
1492 3570 1549 3629 in
1570 3585 1772 3627 aurem
1791 3564 2005 3645 aliquid
2032 3566 2117 3634 40

139 3652 376 3718 secreto
409 3652 636 3713 diceret
657 3667 794 3711 toto
815 3648 1026 3711 itinere
1054 3650 1335 3709 cantavit.
1380 3650 1672 3731 sequimur
1690 3669 1803 3711 nos
1820 3646 2013 3711 admi-

142 3740 380 3803 ratione
395 3734 514 3817 jam
533 3732 712 3798 saturi
732 3780 750 3809 ,
769 3732 836 3797 &
855 3750 996 3795 cum
1005 3746 1383 3877 {gammone
1397 3734 1473 3795 ad
1490 3730 1719 3811 januam
1740 3730 2015 3813 perueni-

1100 3826 1143 3898 4
1837 3830 1974 3875 mus
1996 3854 2014 3879 ‚
