2634 4509
467 314 664 378 statim
706 304 899 377 sciffor
928 310 994 374 &
1029 310 1104 375 ad
1127 308 1543 397 symphoniam
1563 308 2032 409 gesticulatusita
2054 307 2343 373 lacerauit

469 396 786 461 obsonium
807 414 870 457 ut
887 412 1122 477 putares
1139 394 1252 457 esse
1267 398 1506 460 darium
1524 396 1793 459 hidruale
1816 410 2095 459 cantante
2113 410 2345 476 pugna-

466 498 538 543 re
569 478 901 562 ingerebat.
975 474 1386 541 Nihilominus
1424 479 1760 544 trimalchio
1795 474 2106 541 lentiffima
2142 493 2342 543 uoce,

467 580 648 645 carpe
681 577 881 643 carpe.
943 558 1078 642 Ego
1115 558 1437 644 suspicatus
1467 561 1721 645 aliquam
1761 561 2191 631 urbanitatem,
2234 572 2341 619 to-

413 650 454 724 5
475 644 636 709 ciens
650 644 922 709 iteratam
942 661 1158 705 uocem
1179 644 1475 725 pertinere
1512 663 1633 707 non
1668 642 1877 707 erubui
1895 662 2031 704 eum
2048 640 2148 723 qui
2168 639 2343 722 supra

471 745 577 791 me
591 725 978 789 accumbebat
1013 726 1130 787 hoc
1167 724 1361 809 ipsum
1400 726 1787 809 interrogare.
1823 742 1888 787 at
1908 724 2007 787 ille
2026 725 2127 807 qui
2147 721 2339 806 sepius

469 808 776 875 eiusmodi
809 804 986 871 ludos
1017 806 1372 893 spestauerat
1395 856 1413 884 ,
1454 809 1810 872 uidesillum
1832 806 2059 889 inquit,
2098 806 2199 886 qui
2221 801 2340 864 ob-

471 888 700 955 sonium
719 887 912 974 carpit
934 937 952 963 ,
993 909 1200 973 carpus
1236 908 1513 954 uocatur.
1558 890 1647 955 lta
1681 893 2155 976 quotiescunque
2185 884 2343 948 dicit

472 992 680 1056 carpe,
729 976 950 1035 eodem
971 974 1160 1036 uerbo
1182 1019 1199 1045 ,
1244 976 1309 1037 &
1336 992 1515 1036 uocat
1551 974 1617 1037 δι
1658 972 1933 1055 imperat.
1974 969 2124 1033 Non
2164 966 2339 1051 potui

373 1068 459 1117 ιο
473 1056 726 1140 amplius
743 1056 1063 1139 quicquam
1075 1056 1307 1137 gustare
1322 1056 1350 1121 ἒ
1366 1054 1461 1119 sed
1483 1054 1805 1119 conuersus
1819 1054 1897 1118 ad
1918 1072 2053 1115 eum
2069 1069 2137 1113 ur
2198 1068 2339 1113 uam

473 1140 730 1226 plurima
745 1138 1084 1221 exciperem
1105 1137 1285 1222 longe
1301 1137 1601 1204 accersere
1620 1135 1850 1201 fabulas
1886 1156 1983 1199 coe
2026 1137 2045 1199 i
2081 1134 2114 1196 s
2108 1135 2161 1197 ci
2189 1133 2338 1195 cita·

475 1224 530 1287 ri
554 1267 573 1295 ,
608 1239 723 1303 que
740 1218 880 1282 ess'et
895 1218 1264 1294 mulierilla,
1304 1240 1421 1305 que
1457 1220 1575 1281 huc
1603 1236 1783 1305 atque
1810 1218 1949 1281 illuc
2010 1214 2339 1281 iscurreret.

475 1303 652 1371 onr
667 1302 856 1385 inquit
873 1302 1304 1385 trimalchionis
1322 1306 1347 1368 ?
1364 1302 1663 1366 fortunata
1682 1302 2143 1386 appellatur‚que
2158 1316 2340 1361 num-

475 1406 616 1453 mos
637 1384 858 1449 modio
873 1384 1138 1448 metitur.
1181 1386 1247 1447 &
1283 1384 1479 1449 modo
1512 1386 1707 1448 modo
1744 1385 1888 1467 quid
1924 1380 2039 1446 suit
2066 1376 2339 1465 ignoscet

378 1472 461 1544 15
481 1469 632 1535 mibi
646 1467 850 1553 genius
867 1482 1029 1529 tuus.
1063 1466 1331 1531 noluifles
1347 1471 1429 1531 de
1446 1488 1625 1531 manu
1642 1467 1794 1530 illius
1810 1484 2021 1551 panem
2039 1465 2333 1545 accipere.

481 1571 639 1619 nunc
657 1568 763 1613 nec
822 1548 920 1610 uid
941 1566 1048 1611 nec
1063 1568 1242 1632 quare
1275 1552 1336 1616 in
1370 1550 1599 1615 caelum
1616 1548 1778 1613 abiit.
1820 1550 1887 1613 δε
1906 1542 2339 1611 trimalchionis

482 1650 729 1719 topanta
766 1649 799 1693 e
876 1630 952 1694 ad
987 1630 1282 1699 summam
1314 1652 1493 1697 mero
1512 1628 2339 1698 meridielidixeritillitene-

481 1717 621 1785 bras
652 1714 765 1781 eise
796 1716 1023 1777 credet.
1059 1712 1180 1799 ipse
1199 1718 1379 1780 nescit
1394 1716 1537 1801 quid
1557 1714 1770 1781 habeat
1784 1715 1942 1777 adeo
1960 1710 2215 1797 saplutus
2234 1703 2342 1769 est.

480 1800 584 1866 sed
603 1798 712 1861 hec
731 1797 1010 1881 Lupatria
1033 1799 1310 1881 prouidet
1328 1798 1545 1863 omnia.
1582 1800 1650 1862 δι
1684 1797 1787 1861 ubi
1804 1816 1921 1861 non
1940 1812 2113 1878 putes
2130 1790 2208 1855 est
2224 1788 2343 1854 sic-

381 1890 468 1945 20
482 1904 552 1947 ca
567 1881 764 1946 sobria
783 1879 1083 1943 bonorum
1100 1882 1499 1951 consiliorum.
1534 1896 1765 1945 tantum
1781 1879 1907 1944 auri
1928 1876 2098 1940 uides
2115 1922 2134 1951 ,
2152 1872 2231 1937 est
2248 1890 2339 1937 ta-

479 1985 618 2031 men
653 1962 844 2028 malae
875 1962 1151 2045 linguae?
1185 1968 1318 2049 pica
1350 1964 1672 2049 puluinaria
1748 1982 1884 2025 uem
1916 1974 2076 2025 amat
2098 2005 2117 2034 ,
2154 1971 2341 2021 amat.

479 2066 660 2133 quem
679 2065 798 2110 non
816 2061 978 2108 amat
995 2091 1012 2118 .
1051 2063 1172 2109 non
1189 2063 1369 2111 amat.
1401 2046 1519 2131 ipse
1554 1984 1895 2113 trimzchio
1910 2042 2137 2109 fundos
2156 2038 2341 2101 habet

479 2150 598 2215 qua
615 2127 785 2193 milui
803 2126 1032 2189 uolant.
1047 2148 1431 2193 nummorum
1456 2146 1737 2195 nummos
1752 2143 2067 2211 argentum
2085 2124 2145 2185 in
2161 2118 2340 2184 ostia-

377 2204 2339 2365 25{3333122‘55253333203223253?{2223}‘3532ssssssss

337 2416 369 2427 ι-
475 2395 707 2465 partem
726 2374 836 2439 effe
852 2393 966 2460 que
983 2344 1298 2442 dominum
1317 2379 1483 2443 suum
1502 2378 1672 2443 nouit
1701 2377 1781 2441 ad
1818 2314 2104 2439 sgmmm
2124 2387 2339 2454 quem-

479 2463 572 2525 uis
587 2480 664 2523 ex
681 2458 795 2521 istis
814 2457 1147 2523 babaecalis
1163 2460 1220 2523 in
1241 2478 1373 2524 rute
1392 2458 1603 2524 folium
1624 2460 1927 2523 coniiciet.
1946 2474 2053 2521 uec
2069 2453 2151 2517 est
2169 2448 2337 2536 quod

476 2562 648 2629 putes
663 2540 830 2605 illum
849 2542 1166 2626 quicquam
1187 2560 1410 2607 emere.
1446 2544 1647 2607 omnia
1682 2543 1855 2605 domi
1890 2538 2219 2604 nascuntur.
2252 2534 2341 2596 la-

479 2648 572 2692 na.
607 2622 878 2688 credrae.
920 2624 1084 2707 piper
1100 2624 1248 2689 laCte
1263 2626 1652 2709 gallinaceum
1689 2624 1730 2688 fi
1768 2622 2041 2708 quefieris
2072 2618 2339 2683 inuenies

381 2728 468 2801 30
484 2708 562 2773 ad
577 2706 866 2771 summam
886 2725 1089 2788 parum
1109 2707 1189 2770 illi
1208 2708 1367 2771 bona
1386 2707 1519 2771 lana
1554 2706 1922 2771 nascebatur.
1964 2705 2175 2769 arietes
2192 2704 2227 2765 a
2245 2717 2345 2763 ta-

482 2807 660 2857 rento
675 2788 842 2853 emit.
880 2790 945 2851 &
962 2808 1070 2851 eos
1089 2790 1310 2853 culauit
1332 2792 1387 2855 in
1404 2808 1673 2875 gregem.
1713 2790 1833 2853 mel
1867 2789 2115 2853 atticum
2137 2801 2204 2847 ut
2219 2784 2341 2846 do·

478 2874 566 2939 mi
583 2870 910 2937 nasceretur
925 2918 944 2946 ,
983 2890 1125 2956 apes
1145 2873 1221 2936 ab
1235 2876 1463 2937 athenis
1480 2869 1636 2951 justit
1653 2874 1845 2937 afferri
1866 2872 2085 2935 obiter.
2124 2870 2190 2933 δε
2211 2884 2341 2928 uer-

477 2956 723 3021 naculae
737 2972 852 3040 que
870 2954 998 3017 sunt
1017 2954 1349 3021 meliuscule
1362 2959 1397 3020 ὲ
1464 2955 1670 3019 reculis
1686 2956 1849 3019 fient.
1888 2970 2033 3017 ecce
2048 2954 2203 3016 intra
2220 2951 2337 3010 hos

475 3042 610 3104 dies
625 3037 732 3103 scri
775 3038 843 3101 sit
879 3036 1060 3135 utUilli
1098 3057 1174 3102 ex
1207 3039 1366 3104 india
1420 3058 1595 3103 emen
1613 3037 1959 3100 boletorum
1980 3037 2342 3099 mitteretur.

381 3139 462 3213 ³5
477 3142 697 3299 ‘1¹:335‘
688 3141 858 3275 1:332}
876 3121 1307 3267 23525‘1‘21332'?
1309 3119 2219 3275 2332202‘2‘223231‘3231252‘?
2232 3134 2345 3267 2¹3}

479 3304 830 3349 coccineum
867 3302 1206 3347 tomentum
1241 3288 1439 3349 babet.
1474 3298 1635 3349 tanta
1670 3284 1751 3349 est
1782 3284 1964 3351 animi
2000 3280 2340 3355 beatitudo·

483 3370 776 3452 Reliquos
809 3383 1006 3429 autem
1039 3367 1389 3431 collibertos
1422 3368 1551 3431 eius
1584 3384 1733 3431 caue
1748 3385 2129 3439 contemnas.‚
2159 3362 2342 3429 ualde

485 3450 706 3515 succofi
741 3446 903 3522 sunt,
944 3452 1116 3513 uides
1151 3450 1317 3514 illum
1401 3452 1495 3515 uia
1512 3454 1570 3517 in
1587 3451 1781 3517 immo
1796 3452 2021 3525 immus
2041 3445 2344 3514 recumbit

381 3552 469 3623 4ο
489 3536 669 3599 hodie
707 3532 803 3595 sua
839 3532 1180 3619 oc'tingenta
1210 3532 1363 3621 poffi
1406 3550 1488 3600 et.
1542 3534 1618 3598 de
1650 3534 1836 3600 nihilo
1869 3535 2074 3601 creuit.
2111 3528 2345 3597 solebat

485 3618 649 3681 collo
669 3614 863 3681 modo
902 3616 1007 3681 suo
1039 3618 1194 3701 ligna
1227 3636 1495 3703 portare.
1538 3616 1637 3683 sed
1658 3614 1977 3703 quomodo
1994 3616 2203 3687 dicunt
2218 3628 2343 3695 ego

369 3767 375 3774 .
469 3700 800 3781 -nihilscio,
826 3700 922 3767 sed
943 3702 1144 3793 audjui
1159 3701 1769 3803 quemme—lainam&
1786 3696 2345 3845 pilleumrapuiffeatg
2408 3728 2421 3741 ·
