2634 4509
548 214 636 280 60

543 319 804 385 extraxit
820 318 880 395 in
893 318 1128 385 eccum.
1165 321 1232 385 &
1247 322 1417 405 giton
1432 320 1675 405 quidem
1694 319 2060 387 iamdudum·
2078 316 2415 386 structione

545 401 878 467 acutiffima
895 406 1227 467 redemerat
1244 425 1277 466 a
1291 423 1483 483 cane3
1520 404 1797 488 quicquid
1814 406 1970 469 enim
1989 424 2025 467 a
2042 404 2218 467 nobis
2236 421 2416 467 acce-

547 502 716 570 perat
733 484 813 549 de
827 502 970 547 cena
990 485 1222 549 latranti
1243 486 1537 570 sparserat.
1572 504 1635 551 at
1656 491 1757 551 ille
1774 504 2056 552 auocatus
2070 488 2217 551 cibo
2236 486 2413 549 furo·

547 586 676 633 rem
698 568 729 630 s
721 566 1095 650 upprefferat.
1130 586 1395 633 ceterum
1415 589 1555 633 cum
1578 568 1839 653 algentes
1856 569 2057 653 utique
2071 567 2412 653 petiffemus

489 659 526 730 5
549 653 629 715 ab
642 646 888 714 atriense
907 694 925 722 ‚
967 669 1034 713 ut
1053 672 1163 713 nos
1183 670 1353 715 extra
1374 654 1604 716 ianuam
1640 656 1964 717 emitteret.
2021 670 2181 716 erras
2215 650 2411 733 inquit

552 741 593 801 li
613 750 784 816 putas
807 748 866 793 te
881 734 1044 795 exire
1063 734 1172 794 hac
1194 734 1355 818 poffe
1388 755 1503 818 qua
1520 735 1741 799 uenisti.
1777 753 1961 799 nemo
1977 753 2236 817 unquam
2254 752 2413 795 con-

549 819 823 880 uiuatum
842 833 953 910 per
969 818 1214 911 eandem
1233 819 1471 913 ianuam
1490 817 1722 913 emissus
1738 817 1838 914 est:
1877 816 1993 914 alia
2009 818 2250 912 intrant.
2291 814 2412 878 alia

547 900 977 1046 {tilsszssssl‘ss
993 896 2414 1067 3:332?1²5,3122?l55223¹1‘5;‘22‘;.22{‘„‘2231.÷t‘2121

439 1074 528 1123 ιο
547 1065 709 1127 ultro
739 1081 888 1147 ergo
925 1068 1264 1146 rogauimns
1301 1082 1366 1127 ut
1406 1084 1517 1129 nos
1534 1068 1609 1128 ad
1630 1065 1909 1129 balneum
1928 1064 2175 1129 duceret
2196 1110 2214 1137 ,
2256 1082 2409 1148 pro-

543 1144 824 1228 lectisque
863 1144 1222 1211 uestimentis
1241 1196 1258 1221 ,
1304 1165 1425 1232 que
1454 1148 1625 1231 giton
1661 1150 1719 1211 in
1756 1148 1921 1211 aditu
1956 1146 2171 1211 liccare
2202 1148 2367 1229 cepit
2385 1188 2406 1219 ,

545 1227 822 1293 balneum
841 1227 1192 1293 intrauimus
1212 1228 1514 1313 angustum
1537 1228 1751 1295 scilicet
1790 1231 1857 1293 δε
1888 1229 2125 1293 cisterne
2159 1228 2411 1311 frigida-

541 1312 630 1377 ric
647 1310 832 1375 limile
851 1356 871 1385 ,
909 1311 967 1372 in
987 1330 1102 1396 qua
1119 1314 1459 1377 trimalchio
1478 1312 1673 1376 festus
1690 1312 1879 1377 stabat
1898 1360 1917 1385 ,
1952 1332 2023 1375 ac
2055 1329 2129 1375 ne
2162 1310 2239 1375 fic
2276 1311 2409 1393 qui·

545 1396 686 1459 dem
711 1392 1133 1477 putidiffimam
1169 1396 1224 1459 ei
1257 1395 1552 1463 achonem
1584 1396 1752 1459 licuit
1780 1394 2046 1479 efugere.
2086 1414 2223 1459 nam
2260 1389 2407 1455 nihil

439 1485 521 1553 ις
545 1478 752 1542 melius
773 1472 884 1539 effe
901 1476 1132 1540 dicebat
1153 1524 1170 1550 ‚
1213 1498 1393 1563 quam
1427 1478 1545 1543 fine
1568 1477 1743 1545 turba
1776 1479 1957 1542 lauari
1977 1526 1994 1552 ‚
2038 1478 2108 1541 δε
2140 1494 2219 1539 eo
2256 1476 2407 1537 loco

541 1558 670 1643 ipso
701 1558 1025 1643 aliquando
1067 1559 1367 1641 pistrinum
1402 1560 1566 1627 fnisse
1579 1608 1597 1636 ‚
1640 1559 1859 1625 deinde
1873 1577 1937 1624 ut
1954 1558 2181 1624 laffatus
2198 1556 2405 1620 conse-

543 1644 640 1709 dit
671 1643 952 1707 inuitatus
985 1642 1177 1707 balnei
1213 1642 1359 1707 sono
1392 1645 1635 1709 diduxit
1668 1641 1848 1729 usque
1885 1643 1963 1707 ad
1994 1660 2291 1707 cameram
2326 1657 2405 1715 os

507 1761 514 1768 ·
539 1724 796 1789 ebrium.
827 1726 892 1789 δε
909 1724 1068 1809 cepit
1087 1727 1431 1789 menetratis
1445 1728 1681 1791 cantica
1697 1728 1955 1793 lacerare
1975 1724 2119 1790 licut
2136 1725 2220 1788 illi
2234 1722 2410 1787 dice-

541 1811 708 1882 bant,
728 1807 826 1893 qui
847 1807 1106 1885 linguam
1127 1810 1252 1873 eius
1270 1809 1694 1893 intelligebant.
1730 1811 1913 1873 ceteri
1930 1808 2184 1871 conuiue
2200 1804 2407 1869 circha

433 1898 522 1949 20
540 1891 774 1956 labrum
793 1890 1060 1954 manibus
1081 1893 1242 1957 nexis
1263 1893 1601 1970 currebant,
1620 1895 1687 1955 δε
1700 1891 2025 1987 gingilipho
2039 1890 2261 1972 ingenti
2278 1886 2408 1950 cla-

543 1990 718 2039 more
731 1974 1089 2035 exonabant.
1122 1974 1215 2053 alii
1233 1992 1429 2037 autem
1446 1990 1551 2037 aut
1581 1974 1851 2039 restrictis
1890 1974 2159 2037 manibus
2191 1970 2407 2035 anulos

540 2059 621 2119 de
679 2057 983 2118 animento
1000 2058 1332 2119 conabatur
1351 2056 1585 2121 tollere.
1616 2074 1717 2121 aut
1734 2056 1928 2143 polito
1946 2074 2103 2139 genn
2134 2052 2407 2117 ceruices

538 2074 678 2225 pole
704 2156 874 2221 terga
908 2137 1140 2201 flectere
1171 2138 1236 2203 &
1267 2139 1490 2223 pedum
1525 2158 1832 2205 extremos
1866 2140 2115 2223 pollices
2132 2153 2231 2199 tan
2280 2219 2295 2231 .
2311 2152 2405 2229 re.

225 2294 254 2341 †
281 2296 430 2355 petiis
537 2221 818 2319 nos-dum
838 2220 930 2297 alii
967 2220 1072 2285 fibi
1091 2220 1265 2317 ludos
1283 2218 1507 2287 faciunt
1526 2271 1545 2298 ,
1586 2226 1645 2289 in
1667 2221 1799 2318 solo
1812 2222 1979 2317 quod
2000 2153 2405 2362 trimalcfilfzrg

227 2308 514 2469 :¹:333
537 2301 2407 2471 3212253321333531313‘3?tss‘ffssfssaz‘lff2225512232133.-

539 2473 664 2535 cias
685 2468 810 2532 suas
827 2470 909 2533 ita
927 2486 990 2531 ut
1008 2470 1178 2553 supra
1196 2470 1465 2535 lucernas
1482 2471 1871 2554 aeneolosque
1889 2469 2213 2552 piscatores
2230 2482 2405 2528 nota-

537 2551 751 2625 uerim,
771 2554 839 2615 &
856 2550 1078 2615 mensas
1098 2568 1260 2616 totas
1274 2571 1585 2635 argenteas
1604 2553 1923 2635 calicesque
1944 2552 2103 2615 circa
2122 2548 2325 2613 fictiles
2339 2548 2405 2611 in

535 2651 780 2699 auratos
801 2682 820 2709 ‚
858 2636 922 2697 &
939 2636 1139 2697 uinum
1163 2636 1218 2697 in
1236 2636 1553 2719 conspectu
1571 2636 1748 2701 sacco
1771 2633 2053 2698 defluens.
2091 2632 2271 2697 Tunc
2294 2629 2405 2693 tri·

429 2724 514 2797 30
537 2716 800 2781 malchio
819 2717 996 2778 amici
1018 2718 1206 2799 inquit
1225 2719 1346 2779 hod
1354 2720 1409 2781 ie
1446 2719 1643 2783 seruus
1662 2736 1831 2782 meus
1849 2716 2221 2781 babaroriam
2236 2710 2403 2776 -fecit

535 2804 728 2865 homo
742 2798 1026 2884 prefiscini
1043 2796 1220 2885 frugi,
1241 2801 1308 2863 δε
1326 2801 1629 2867 micarius.
1670 2802 1869 2885 itaque
1887 2818 2067 2883 tango
2086 2814 2285 2861 menas
2308 2794 2405 2857 fa·

535 2884 764 2948 ciamus
783 2883 850 2945 &
871 2881 1066 2967 usque·
1082 2884 1140 2947 in
1177 2883 1375 2946 lucem
1398 2903 1695 2949 cenemus.
1734 2886 1843 2947 hec
1862 2883 2097 2945 dicente
2110 2899 2189 2941 eo
2206 2878 2401 2960 gallus

575 2966 888 3029 allinaceus
903 2967 1184 3031 cantauit.
1221 2984 1339 3050 qua
1358 2986 1515 3030 uoce
1544 2964 1818 3031 confusus
1838 2963 2169 3029 trimalchio
2190 2962 2403 3025 uinum

559 3051 640 3112 ub
663 3048 857 3113 mensa
873 3046 1033 3111 iuffit
1045 3048 1699 3135 efundi.=lucernamque
1717 3051 1781 3112 Be
1798 3066 1975 3111 mero
1996 3047 2185 3130 spargi
2202 3045 2401 3107 immo

423 3138 506 3205 35
532 3133 813 3196 annulum
849 3132 1083 3193 traiecit
1119 3134 1178 3195 in
1198 3133 1510 3195 dexteram
1546 3150 1808 3197 manum.
1851 3132 1918 3194 &
1937 3148 2057 3193 non
2092 3127 2207 3193 fine
2228 3122 2403 3190 causa

531 3216 722 3295 inquit
741 3215 838 3276 hic
854 3212 1102 3275 bucinus
1121 3213 1346 3295 lignum
1364 3216 1553 3279 dedit.
1588 3234 1725 3279 nam
1743 3230 1845 3275 aut
1863 3212 2199 3277 incendium
2219 3226 2404 3289 opor-

531 3312 620 3357 tet
636 3294 739 3357 fiat
758 3340 776 3367 ,
811 3310 913 3355 aut
928 3295 1134 3375 aliquis
1155 3298 1212 3358 in
1233 3298 1447 3361 uicinia
1467 3298 1723 3361 animam
1744 3296 2005 3361 abiiciet.
2038 3296 2217 3374 longe
2232 3294 2269 3356 a
2288 3310 2403 3355 no·-

532 3378 626 3441 bis
649 3425 666 3451 ‚
687 3380 770 3441 ita
813 3394 886 3437 ue
900 3376 1154 3460 quilquis
1174 3378 1327 3439 hunc
1348 3380 1607 3445 indicem
1628 3380 1893 3443 attulerit
1917 3376 2281 3443 corolarium
2302 3392 2405 3437 ac-

528 3460 732 3543 cipiet.
845 3458 966 3522 icto
985 3458 1158 3522 citius
1176 3461 1253 3522 de
1271 3461 1484 3525 uicinia
1504 3463 1689 3539 gallus
1706 3463 1921 3527 allatus
1940 3461 2019 3525 est
2042 3508 2059 3535 ,
2096 3476 2275 3542 quem
2294 3456 2407 3521 tri-

413 3551 506 3622 4⁹
531 3543 794 3607 malchio
810 3540 964 3607 iuffit
981 3590 1000 3616 ,
1021 3556 1088 3605 ut
1104 3560 1256 3605 aeno
1275 3544 1484 3610 coctus
1497 3545 1667 3611 fieret
1685 3546 1977 3610 laceratus
1992 3544 2175 3625 igitur
2190 3541 2401 3605 abillo

525 3620 874 3689 doetiffimo
900 3643 1058 3690 coco
1079 3626 1178 3710 qui
1217 3629 1397 3709 paulo
1420 3648 1559 3693 ante
1591 3646 1731 3693 aues
1765 3626 2057 3710 piscesque
2091 3622 2321 3688 fecerat
2340 3624 2405 3687 in

523 3710 816 3777 cacabum
833 3708 913 3775 est
933 3708 1258 3781 coniectus.
1285 3712 1556 3807 dumque
1574 3710 1821 3780 dedalus
1835 3704 2423 3858 potionetzlffiffleg-

2138 3813 2155 3856 1
