2634 4509
651 352 719 425 A
767 352 841 425 D
995 358 1058 427 L-
1104 355 1162 425 E
1215 352 1278 426 C
1328 356 1397 425 T
1449 354 1520 424 O
1574 357 1649 427 R
1696 355 1751 424 E
1802 355 1913 425 M.

289 468 520 544 Vtinam
540 490 606 538 ne
624 469 682 537 in
699 471 818 539 vita
834 522 852 549 ,
890 469 948 539 in
983 470 1262 540 hominum
1283 468 1377 564 usu
1398 492 1464 539 ac
1483 468 1847 562 consuetudine
1880 468 2128 564 universis
2154 524 2172 552 ‚
2214 472 2273 541 in

203 569 218 574 ’
283 568 471 637 adibus
487 616 507 646 ,
547 569 606 635 in
623 570 744 637 vicis
759 619 778 647 ,
832 570 890 635 in
904 573 1136 660 compitis
1155 568 1339 663 nostris
1356 622 1375 649 ,
1426 569 1827 660 obscoenitatum
1837 572 2001 660 plena
2048 574 2276 640 omnia!

290 670 518 738 Vtinam
537 687 605 733 ne
621 667 680 734 in
698 669 890 735 animis
910 666 1093 761 nostris
1113 720 1132 747 ,
1177 670 1236 735 in
1267 668 1553 759 praecordiis
1590 670 1835 735 omnium
1874 665 2275 759 obfioenitatum

269 762 558 859 stabulum
580 768 603 831 !
621 785 716 832 cm
736 788 844 833 non
861 768 1070 835 lernam
1079 762 1258 855 potstas
1275 766 1391 833 dico
1411 765 1486 839 (θ’
1494 764 1769 856 sentinam
1778 782 2065 855 perennem
2084 774 2113 833 ἓ
2150 762 2272 845 Hic,

283 856 376 930 hfc
393 912 412 939 ,
451 858 746 956 expurgate?
763 882 886 954 opus
903 861 990 957 est.
1028 865 1130 932 Hic
1139 865 1311 954 plenis
1334 858 1477 932 cadis
1493 858 1747 956 exhausto*
1766 882 1910 955 opus.
1952 877 2109 932 Nam
2146 865 2276 955 quid

275 953 516 1055 polirmd'
532 1011 551 1038 ,
593 958 754 1052 quaefii
793 978 850 1029 te
867 1013 887 1040 ,
924 959 1119 1054 speculi
1151 984 1276 1055 agas
1295 1013 1312 1039 ,
1366 960 1457 1029 ubi
1492 966 1551 1028 in
1592 960 1738 1053 facie
1778 958 1993 1052 foeditas
2048 960 2276 1053 insidit?

289 1058 572 1148 Speculum
609 1076 908 1153 expurgas:
949 1060 1020 1128 ab
1037 1082 1123 1127 ore
1141 1061 1379 1128 maculas
1397 1109 1416 1137 ,
1466 1078 1711 1127 verrucas
1741 1110 1760 1137 ,
1798 1060 2102 1151 lentiginem
2122 1112 2141 1138 ,
2191 1062 2275 1127 le·-

277 1174 446 1247 pram
464 1157 598 1246 quin
616 1178 826 1225 mres
867 1162 895 1225 ἓ
929 1156 1244 1249 Inspiciendo
1265 1156 1599 1249 insperatum
1639 1172 1805 1225 temet
1824 1209 1843 1236 ,
1886 1174 1951 1225 ut
1967 1180 2020 1225 es
2040 1208 2059 1235 ,
2098 1158 2237 1226 vides
2253 1186 2273 1225 .-

278 1250 544 1346 formosus
551 1250 846 1346 formofiem
867 1308 886 1335 ‚
937 1254 1182 1348 deformis
1217 1254 1525 1348 dqunem.
1576 1256 1805 1345 Speeflari
1818 1306 1839 1333 ,
1892 1255 2075 1324 audire
2112 1258 2233 1323 talis
2249 1306 2271 1335 ,

289 1352 464 1443 qualis
481 1372 534 1419 es
551 1402 572 1430 ‚
621 1374 732 1421 non
752 1354 828 1421 vis
850 1358 878 1420 ἓ
923 1352 1344 1446 Deformitatem
1366 1348 1395 1421 ὲ
1416 1370 1621 1445 corpore
1659 1354 1771 1421 elue
1794 1382 1817 1435 3
1842 1352 2151 1445 feditatem
2172 1379 2273 1421 ex-

285 1449 421 1541 peHe
439 1446 644 1519 anim&
699 1454 892 1519 Ianus
915 1448 1312 1522 Guilielmus
1337 1446 1624 1520 Plautin.
1667 1446 1895 1547 quaest.
1919 1452 1987 1517 in
2009 1448 2273 1547 Epidic.

291 1569 440 1644 cap.
464 1568 530 1639 5,
549 1544 634 1617 de
655 1548 978 1619 Petronio
1026 1574 1047 1620 z
1095 1554 1198 1621 Hic
1213 1544 1333 1620 aliis
1349 1552 1576 1641 apertior
1576 1547 1936 1643 fhrtajrzsqst‚
1976 1566 2039 1617 at
2058 1572 2165 1618 non
2184 1552 2273 1617 in-

293 1643 573 1739 honestior.
626 1650 729 1715 Io.
775 1649 812 1717 a
851 1650 1258 1721 Wouweren
1303 1647 1374 1714 in
1398 1642 1825 1765 praefaxione:
1877 1648 2078 1717 scilicet
2116 1642 2274 1719 tant)

283 1738 569 1835 pudicitigis
604 1743 882 1837 compofieie
899 1796 920 1826 ‚
969 1741 1176 1837 quant)
1234 1748 1505 1835 apmius3
1544 1768 1782 1835 namque
1820 1746 1875 1813 id
1902 1766 2071 1837 genus
2112 1768 2271 1815 omne

291 1842 555 1910 occultare
557 1846 824 1933 peccanti<
841 1895 860 1922 ,
893 1845 1230 1935 promulgare
1249 1842 1474 1909 ludentis
1501 1840 1588 1933 est.
1659 1842 1983 1910 Dicerem
2001 1864 2133 1937 ego
2152 1840 2271 1913 h'ic

299 1960 428 2034 pro
447 1940 672 2009 ludentis
701 1993 724 2025 ‚
775 1936 1042 2008 fatentis
1062 1978 1108 2025 ,-
1136 1939 1292 2006 curn
1331 1932 1609 2031 plurima
1697 1962 1801 2007 uae
1838 1941 1909 2005 in
1947 1936 2079 2007 hoc
2114 1935 2160 2009 s
2143 1944 2271 2008 cri-

294 2056 423 2133 pto
463 2056 804 2105 narrantur
821 2029 1030 2131 ipsum
1050 2032 1429 2131 Encolpion
1444 2029 1551 2105 seu
1569 1962 1939 2132 Ptayaenon
1965 2089 1985 2122 ‚
2026 2034 2159 2107 hoc
2176 2035 2275 2108 est
2364 2064 2367 2071 ·

299 2132 637 2203 auctorem
681 2152 1108 2204 concernant.
1158 2137 1327 2226 Atqui
1376 2136 1692 2227 plerumque.
1725 2139 1974 2204 mortales
2006 2136 2078 2204 ab
2114 2139 2272 2205 ortilis

297 2229 613 2323 attribufilue
629 2253 959 2301 removemus
976 2256 1088 2324 qua
1096 2251 1401 2325 peccamus.-
1422 2228 1619 2301 verba
1636 2227 1683 2301 s
1665 2250 1784 2301 unt
1808 2233 2007 2327 Eryci
2026 2235 2275 2303 Putea-

297 2330 372 2399 ni
387 2329 456 2396 in
477 2324 661 2425 epist.
683 2326 767 2399 ad
787 2326 1196 2401 Goldastum.
1249 2327 1447 2401 Vnde
1468 2349 1542 2400 tu
1562 2327 1726 2398 mihi
1758 2352 2095 2426 nunquam
2130 2352 2273 2401 non

295 2430 639 2524 permagni
657 2424 779 2497 fies
799 2422 1072 2498 Arbiter
1093 2481 1114 2514 ,
1154 2430 1270 2525 qui
1304 2430 1499 2523 juxta
1528 2424 2031 2498 amoenissimam
2049 2426 2271 2498 erudi-

295 2528 556 2595 tionem
576 2578 598 2611 ,
654 2529 732 2595 δε
750 2522 1238 2595 eruditissimam
1257 2522 1672 2597 festivitatem
1691 2550 1824 2623 qua
1842 2524 2058 2596 hocce
2077 2545 2272 2597 tuum

297 2624 498 2721 Opus
518 2622 956 2723 undequaque
978 2617 1300 2709 referfisti,
1317 2620 1514 2723 ipsam
1534 2623 1701 2695 adeo
1724 2644 2019 2693 naturam
2041 2623 2271 2695 huma-

294 2744 449 2791 nam
471 2720 758 2794 candore
791 2724 996 2792 animi
1034 2726 1136 2792 tui
1153 2716 1580 2819 supergressus
1603 2721 1767 2791 mihi
1784 2719 2025 2794 videris
2049 2775 2069 2808 ,
2110 2724 2267 2793 cum

294 2818 449 2891 talia
465 2815 582 2890 sub
645 2816 873 2891 ersona
889 2816 1312 2891 adolescentis
1350 2818 1435 2891 de
1470 2816 1783 2916 tuiipsius
1802 2822 1953 2891 vitae
1974 2822 2271 2891 curricu-

295 2916 368 2989 lo
407 2914 536 2989 five
629 2942 856 3015 ngeres
891 2914 1018 2989 five
1056 2915 1343 2988 traderes
1365 2971 1388 3003 ‚
1442 2921 1711 2989 annexis
1750 2920 2077 2988 continuo
2116 2941 2271 3014 poe-

295 3013 404 3087 n‘is
428 3070 450 3103 ‚
469 3018 610 3113 quo
629 3020 715 3087 eo
737 3018 1075 3114 potentius
1095 3038 1398 3086 moneres
1420 3071 1442 3103 ‚
1463 3011 1866 3113 persuaderes
1884 3015 2034 3086 talia
2051 3038 2272 3087 revera

301 3118 372 3183 in
389 3116 526 3187 vita
547 3117 891 3186 communi
910 3118 1297 3220 contingere
1319 3168 1341 3201 ,
1384 3110 1544 3211 quis
1574 3138 1653 3184 ue
1690 3110 1811 3184 fibi
1856 3118 1894 3182 a
1933 3112 2271 3210 praedoni-

297 3208 422 3283 bus
441 3232 700 3285 caveret
722 3267 743 3300 ,
781 3213 1121 3284 maximea
1140 3216 1204 3284 le
1237 3208 1396 3309 ipso·
1450 3216 1557 3281 Ha
1711 3214 1806 3281 mi
1845 3212 2092 3281 Lector
2125 3209 2271 3283 mel·

302 3328 444 3379 tarn
485 3312 729 3409 Operis
773 3317 850 3382 δε
891 3308 1276 3409 cynosuram
1309 3309 1641 3381 leffionis.
1717 3308 2017 3407 Superest
2056 3308 2270 3380 modo

305 3426 386 3475 ut
421 3406 646 3503 paucis
682 3407 1024 3498 evolvam,
1074 3408 1238 3509 quid
1276 3430 1511 3479 caetera
1550 3428 1788 3505 praeter
1888 3406 2271 3504 rincipalem

305 3501 486 3575 hunc
503 3501 776 3603 scopum
819 3510 888 3577 in
929 3510 1233 3605 Satyrico
1272 3508 1584 3577 tractetur
1607 3561 1628 3594 ,
1666 3431 2015 3589 occagone
2034 3528 2271 3603 nempe

303 3597 732 3700 personarum
751 3608 827 3675 &
844 3604 1151 3678 locorum
1170 3607 1239 3676 in
1259 3632 1409 3705 quae
1430 3604 1793 3703 Encolpius
1812 3602 2061 3673 incidit.
2118 3607 2269 3676 Pri-

301 3724 493 3772 mum
535 3702 753 3796 itaque
791 3706 856 3772 in
895 3700 1068 3776 hisce
1105 3700 1490 3802 fragmentis
1508 3704 1516 3710 '
1534 3684 1569 3799 (⁴
1581 3728 1731 3773 nam
1751 3706 2100 3771 maximam
2120 3726 2272 3797 par-

303 3820 450 3872 tem
470 3794 902 3879 desideramus
920 3856 940 3889 ‚
961 3802 990 3900 )
1031 3826 1375 3875 enormem
1394 3824 1661 3899 morum
1680 3798 2049 3898 proluviem
2070 3800 2112 3870 S
2118 3822 2273 3871 eve-

1328 3953 1427 3995 a*
1486 3926 1523 3999 3
2162 3919 2271 3964 rus
