2634 4509
401 314 496 369 ,η
885 292 1897 363 APOLOGIA.

410 405 507 468 tio
524 447 543 475 ,
563 414 673 462 nec
689 386 957 462 intentio
975 412 1102 460 tam
1119 393 1423 543 deigeram
1453 412 1523 460 ut
1540 414 1816 461 extremo
1835 398 1970 462 huic
1987 394 2401 483 flippositionis

409 480 664 551 consilio
681 480 850 544 locus
863 478 1016 543 ullus
1029 478 1192 543 eflet.
1271 482 1403 543 erte
1420 481 1539 543 boc
1566 480 1833 545 Petronii
1854 480 2192 563 Satyrarum
2212 498 2395 565 capnt

412 566 682 634 maxime
699 564 967 627 omnium
986 581 1124 625 cum
1149 564 1442 647 temporis
1458 562 1667 640 iniuria
1696 563 1963 647 pugnasse
1981 611 1999 638 ,
2036 564 2276 647 ejusque
2290 582 2395 627 ex-

407 649 833 743 pugnationem
868 645 936 709 &
955 644 1126 741 ‘quasi
1159 644 1631 741 absumptionem
1668 650 1726 709 in
1765 648 1873 710 illo
1888 650 2198 711 communi
2224 664 2389 707 vete-

409 726 2393 913 ffiqlg‘fz‘a‘e‘tzgzisssssszsss¹1¹?sffp‘zssffssffzr‘1‘2332230‘3'33323

407 893 2393 1127 {zssggffess‘pe‘fflpoeffiffiff

435 1080 540 1148 per
565 1081 600 1125 a
698 1076 882 1143 vaga:
921 1078 1045 1143 quae
1061 1078 1216 1121 nunc
1235 1105 1253 1133 ‚
1289 1077 1357 1121 ut
1420 1076 1685 1123 atavmus
1764 1080 2033 1145 ypograp
2076 1081 2145 1123 us
2162 1078 2283 1123 ven
2334 1080 2391 1121 ι-

291 1172 300 1183 ·
411 1147 514 1212 ιιιὲ
527 1144 824 1230 predicat,
843 1137 1064 1225 Scripti
1080 1141 1248 1223 hujus
1265 1140 1555 1205 beneficio
1576 1142 1683 1205 suae
1698 1143 2022 1227 integritati
2040 1141 2315 1219 restituta,

407 1228 574 1296 velut
590 1228 696 1291 suoe
715 1222 921 1289 mensae
936 1226 1152 1289 iterum
1170 1223 1433 1307 appolita
1452 1240 1786 1289 cernuntur.

489 1308 676 1375 Vides
693 1309 833 1389 jam.
852 1308 1052 1387 inepte
1070 1308 1280 1371 critice
1297 1352 1314 1381 ,
1336 1328 1517 1391 quam
1536 1309 1597 1371 in
1612 1309 1844 1371 irritum
1861 1305 2185 1371 ceciderint
2200 1304 2389 1373 insani

407 1394 499 1463 illi
513 1395 602 1457 tui
618 1406 908 1470 conatus3
931 1390 1096 1467 Quid
1116 1389 1275 1453 euim
1299 1408 1453 1452 nunc
1468 1391 1553 1454 illi
1566 1406 1677 1453 tuae
1693 1392 1893 1471 ptimoe
1927 1390 2143 1471 legioni
2176 1387 2387 1459 facies.-

408 1496 591 1565 quam
625 1473 902 1561 prospere
935 1488 1176 1535 mecum
1215 1474 1488 1558 pugnasse
1520 1470 2015 1537 confidentiffime
2064 1469 2387 1555 gloriaris?

371 1634 380 1645 ⁸
407 1566 536 1647 quo
569 1576 633 1621 te
649 1574 845 1620 vertes
861 1574 999 1618 cum
1023 1556 1248 1619 caeteris
1286 1556 1403 1618 tuis
1423 1556 1683 1620 ridiculis
1700 1558 1889 1640 copiis
1906 1603 1924 1631 ,
1970 1574 2150 1639 quem
2170 1554 2383 1615 locum

407 1644 630 1729 capies,
648 1643 708 1705 in
727 1658 850 1723 quo
867 1636 1174 1702 consistere
1190 1640 1349 1713 tuto,
1372 1636 1609 1703 Thraso
1628 1639 1957 1722 magnifice,
1971 1636 2199 1722 possis?
2236 1637 2383 1699 cum

409 1745 621 1793 omnes
652 1719 960 1787 conclusas
979 1722 1042 1785 δι
1061 1722 1499 1787 circumventas
1514 1720 1711 1785 videas
1726 1722 1801 1783 ab
1822 1728 1931 1784 hac
1950 1742 2063 1785 una
2084 1720 2383 1782 rationum

407 1810 668 1875 cohorte
690 1853 708 1881 ‚
742 1824 818 1869 ex
836 1804 1006 1883 hujus
1021 1806 1253 1867 codicis
1271 1805 1608 1888 prolatione
1622 1804 1871 1869 conflata
1888 1830 1909 1883 3
1950 1823 2017 1866 ut
2036 1802 2225 1865 vereri
2256 1801 2379 1878 iam

409 1894 616 1957 subeat
634 1938 651 1962 ,
689 1908 764 1953 ne
793 1886 1068 1951 consulto
1103 1904 1176 1950 ac
1195 1884 1275 1949 de
1307 1887 1581 1951 industria
1598 1887 1815 1950 librum
1838 1883 2151 1951 occuluin‘e
2172 1887 2383 1947 videat·

409 1978 477 2041 δε
491 1972 647 2061 quali
667 1973 725 2035 in
743 1970 958 2036 insidiis
974 1968 1284 2033 collocaffe
1299 2016 1316 2043 ,
1338 1988 1403 2032 ut
1420 1973 1688 2034 incautos
1720 1970 1785 2032 &
1804 1969 1904 2033 fibi
1926 1968 2173 2033 nimium
2192 1966 2381 2028 fiden-

407 2074 499 2122 ter
521 2105 538 2132 ,
557 2058 623 2120 δε
639 2057 726 2118 tui
745 2054 953 2118 fimilet
967 2051 1044 2116 ad
1065 2053 1312 2135 ineptias
1332 2050 1675 2116 effistiendas
1693 2053 1761 2117 &
1796 2052 1971 2116 risum
1994 2050 2379 2137 praebendum

404 2143 706 2207 elicerem.
749 2135 1071 2220 quomodo
1089 2135 1266 2199 rideri
1283 2135 1557 2198 videmus

690 2233 755 2283 In
769 2222 944 2282 triviis
951 2220 1124 2297 fiscum
1140 2222 1290 2301 quise
1305 2221 1522 2281 declinat
1540 2220 1611 2279 ad
1624 2222 1793 2301 affem.

407 2305 579 2385 Quid
607 2304 768 2369 enim
801 2318 921 2365 tam
939 2300 1206 2383 ineptum
1243 2318 1315 2365 ac
1334 2317 1457 2365 tam
1477 2300 1793 2363 ridiculum
1828 2301 2007 2385 quam
2042 2299 2242 2363 omnis
2276 2294 2383 2393 ille

403 2382 2071 2548 {iffissmhssssgeuYsissiis‘ssffepffffisssszffisiffiffi‘?
2105 2378 2385 2545 ‘5231‘ssss

405 2576 481 2619 ea
497 2552 662 2639 q'uod
701 2568 904 2613 verum
925 2548 1186 2613 Petronii
1223 2563 1459 2612 textum
1480 2566 1604 2611 tam
1640 2550 1980 2631 castigatum
2022 2568 2051 2611 r
2130 2550 2385 2607 iturum-

403 2656 521 2724 que
537 2633 807 2699 exhibuit
837 2648 914 2693 ex
945 2630 1292 2709 conjecturis
1326 2630 1778 2697 novifflmorum
1798 2628 2219 2695 criticorum?
2254 2628 2381 2693 an

405 2736 607 2785 autem
659 2714 1006 2779 nominatim
1058 2730 1507 2777 commemoras
1542 2760 1559 2787 ,
1614 2732 1767 2793 quos
1800 2715 1965 2777 viros
2002 2760 2021 2789 ,
2074 2712 2157 2774 dii
2191 2710 2376 2775 boni!

405 2799 738 2873 Tornaefios
763 2842 780 2865 .
825 2794 1062 2861 Dousas
1083 2843 1100 2868 ,
1139 2793 1562 2871 casaubonos,
1602 2796 1963 2881 Scaligeros·
2026 2791 2191 2859 Cum
2232 2794 2377 2857 verb

405 2887 606 2955 adhuc
641 2882 922 2946 meliores
954 2878 1096 2941 alias
1133 2877 1535 2963 castigationes
1568 2880 1627 2942 in
1660 2879 1779 2942 hoc
1798 2878 2019 2965 scripto
2051 2878 2333 2961 agnoscas
2353 2920 2377 2949 ,

405 2970 482 3033 ad
509 2972 660 3033 hanc
689 2967 855 3030 diem
893 2961 1184 3025 inauditas
1205 3008 1222 3035 ,
1265 2960 1475 3047 easque
1508 2962 1669 3025 ultro
1700 2961 1922 3045 probes
1960 2962 2027 3023 δε
2048 2961 2245 3045 magni
2284 2957 2379 3022 fa-

399 3054 524 3116 cias
544 3099 562 3125 ,
599 3064 918 3127 tecumque
937 3046 1048 3107 hac
1063 3044 1120 3105 in
1141 3062 1208 3105 re
1225 3044 1434 3107 sentiat
1444 3044 1815 3107 doffiffimus
1835 3040 2171 3106 Schefferus
2194 3090 2211 3117 ,
2249 3040 2379 3105 nul-

399 3136 573 3217 laque
587 3130 892 3196 dubitatio
909 3124 1126 3211 reliqna
1146 3124 1228 3189 de
1241 3126 1471 3191 codicis
1484 3124 1963 3209 antiquitateiam
1982 3124 2047 3190 fit
2062 3171 2083 3199 ‚
2121 3127 2377 3189 alterum

401 3216 636 3279 fatearis
673 3210 894 3275 necesse
912 3208 994 3271 est
1032 3222 1135 3272 aut
1170 3211 1229 3273 in
1265 3213 1373 3271 hac
1410 3211 1679 3272 machina
1716 3206 2045 3272 ordinanda
2082 3206 2377 3272 versatam

400 3296 564 3361 fuiffe
581 3308 842 3357 mentem
862 3290 1116 3373 aliquam
1133 3290 1410 3354 inulitatae
1424 3291 1724 3365 cuiusdam
1745 3291 1805 3353 in
1822 3289 2063 3358 Criticae
2080 3291 2273 3354 studio
2296 3290 2386 3353 sa-

397 3378 672 3465 gacitatis
692 3426 710 3451 ,
753 3374 936 3436 &tot
967 3390 1039 3435 ac
1077 3371 1294 3435 talibus
1326 3374 1570 3455 ingeniis
1608 3372 2102 3455 praestantiorem3
2132 3390 2235 3437 aut
2270 3392 2379 3433 ve-

403 3482 536 3529 rum
577 3462 645 3524 &
755 3456 992 3520 nuinum
1030 3450 1111 3516 sui
1150 3453 1282 3519 Scri
1324 3456 1478 3519 toris
1510 3455 1725 3519 foetum
1766 3458 1919 3519 hunc
1950 3458 2061 3523 effe
2080 3504 2097 3529 ,
2138 3460 2307 3519 certe
2342 3458 2383 3519 a

399 3542 638 3631 probris
737 3536 1153 3611 coutumeliis,
1189 3540 1287 3622 qui
1334 3540 1539 3605 usate
1554 3538 1761 3623 paflim
1796 3542 2087 3625 accipitur
2108 3589 2127 3616 ,
2163 3537 2387 3619 longif-

399 3626 545 3695 fime
567 3638 906 3688 remotum:
939 3639 1012 3684 ac
1051 3620 1152 3686 nifi
1169 3640 1248 3683 ex
1265 3620 1456 3685 livore
1490 3622 1559 3684 δι
1595 3624 1963 3702 malignitate
1999 3642 2169 3687 totus
2192 3620 2383 3685 faetus

399 3730 468 3773 es
489 3757 506 3784 ,
541 3708 656 3773 fine
673 3705 1046 3769 cundiatione
1061 3700 1331 3767 fatebere
1349 3751 1366 3776 ,
1404 3704 1544 3769 cum
1565 3704 1823 3787 primum
1846 3726 2065 3771 novam
2090 3709 2239 3768 hanc
2256 3704 2381 3767 fra-

394 3808 779 3877 gmentorum
803 3787 1062 3851 Petronii
1083 3787 1408 3849 editionem
1428 3788 1746 3871 adspicies„
1768 3790 1835 3850 δι
1851 3790 2171 3853 lectionum
2194 3788 2387 3851 varie-

397 3892 581 3941 tatem
616 3873 694 3939 ad
731 3870 1088 3955 corrigenda
1127 3886 1329 3935 vetera
1362 3870 1533 3953 hujus
1578 3870 1843 3937 auctoris
1878 3871 2239 3958 exemplaria
2251 3890 2379 3969 ‘per

509 3984 518 3995 ¹
2179 3972 2381 4025 οἵω
