2634 4509
460 288 618 381 &5'4
845 276 1037 355 DE
1150 270 2080 375 PRIAPISMO

464 400 771 470 tientiam
788 392 1032 494 flagitia
1047 394 1354 491 prorupit
1371 445 1394 478 ‚
1479 388 1618 461 uod
1650 385 1766 461 sub
1803 414 1932 461 una
1951 390 2148 461 nocte
2165 386 2440 489 filmpto

464 494 742 569 cucullo
759 496 827 565 in
843 491 1132 590 lupanari
1152 486 1406 588 prostib
1475 513 1524 557 o
1561 508 1834 560 eentum
1873 494 1952 559 δε
1989 486 2101 561 sex
2137 492 2438 563 virorum

466 590 868 667 concubitus
884 586 1179 689 pertulit.
1228 590 1311 660 Iti
1329 606 1590 659 tantum
1607 588 1786 657 enim
1807 640 1828 673 ,
1867 606 1944 657 ut
1981 582 2263 683 professa
2295 586 2392 659 est
2413 642 2440 675 ,

466 691 543 763 in
560 692 881 787 tentigine
899 685 1127 787 rigidae
1146 686 1356 759 vulvae
1374 705 1513 756 erat
1531 681 1796 756 accensa
1820 739 1841 770 ‚
1877 683 2066 781 quod
2087 687 2125 753 a
2141 683 2438 781 lupanari

470 786 743 889 quidem
764 839 787 873 ‚
822 782 930 863 sed
948 806 1090 856 non
1107 781 1328 857 satiata
1346 781 1624 855 receffit.
1677 787 1753 852 δε
1791 782 1952 855 licet
1991 782 2437 855 occultiffime

468 886 688 958 adium
708 880 864 957 effet
886 938 907 971 ‚
945 908 1057 955 me
1092 902 1313 954 tamen
1354 906 1496 951 non
1529 878 1747 952 latuit.
1797 879 2206 979 tandemque
2245 880 2439 980 hujus

464 980 733 1058 nefariae
752 978 1018 1053 offensae
1056 976 1141 1052 ab
1178 1004 1255 1052 m
1290 976 1408 1051 sub
1430 981 1965 1050 interminatione
1984 982 2136 1049 vitae
2157 972 2439 1051 sciscita-

464 1100 577 1155 tus
594 1134 615 1167 ,
657 1082 1130 1179 impatientiam
1164 1080 1416 1177 gemini
1454 1074 1690 1148 caloris
1730 1082 1807 1148 &
1841 1072 2169 1149 fervorem
2190 1080 2437 1150 inveni.

464 1176 697 1353 ε(ἷῗιιγοεῑ
732 1202 849 1275 per
885 1174 1205 1277 quosdam
1224 1171 1712 1274 Philosophicae
1747 1178 1907 1246 artis
1941 1177 2191 1271 peritos
2211 1200 2442 1247 verum

557 1302 595 1349 c
611 1274 1103 1373 deprehendens
1124 1328 1149 1362 ,
1187 1276 1305 1373 qui
1343 1272 1580 1345 dicunt
1619 1270 2052 1370 quarumdam
2089 1271 2440 1345 mulierum

464 1396 607 1447 tam
627 1371 991 1447 ferventem
1009 1368 1138 1445 esse
1173 1392 1475 1443 naturam
1495 1425 1520 1459 ,
1555 1391 1632 1441 ut
1649 1366 1700 1442 fi
1719 1368 1854 1443 fine
1873 1390 2133 1444 veretro
2152 1395 2322 1470 pene
2339 1368 2445 1443 as-

419 1472 429 1483 ’
464 1471 657 1546 fiduo
696 1477 774 1543 <sc
812 1476 1142 1543 continuo
1177 1468 1351 1544 virili
1387 1466 1696 1568 amplexu
1731 1465 1905 1539 infra
1943 1472 2215 1541 tertium
2249 1468 2441 1542 deci·-

467 1596 657 1644 mum
682 1576 697 1601 ¹
721 1590 1021 1667 expertes
1040 1566 1291 1645 fuerint
1312 1622 1335 1657 ‚
1355 1592 1481 1639 nec
1498 1572 1718 1643 vivere
1731 1565 2006 1666 quidem
2073 1565 2270 1639 offint
2299 1592 2322 1639 ε
2365 1574 2445 1639 δε

469 1666 818 1743 attendens
836 1670 1035 1740 etiam
1058 1720 1080 1754 ,
1116 1693 1203 1741 ne
1239 1664 1291 1738 fi
1327 1666 1548 1767 palam
1585 1662 1776 1739 fieret
1837 1666 1936 1737 'us
1955 1592 2274 1738 deffifimm
2296 1720 2318 1754 ‚
2357 1664 2446 1737 ad

467 1786 802 1869 perpetuae
843 1764 1009 1841 mihi
1046 1762 1336 1837 infamiae
1374 1766 1682 1837 in‘uriam
1717 1788 1792 1835 re
1839 1762 2114 1836 undaret
2143 1789 2167 1835 t
2225 1761 2448 1839 fateor

472 1864 748 1965 quidem
768 1918 791 1954 ‚
808 1862 1197 1937 diffimulavi
1212 1888 1356 1936 rem
1377 1916 1399 1951 ‚
1447 1861 1609 1934 rmul
1629 1864 1832 1934 etiam
1849 1856 2182 1935 miseratus
2201 1860 2445 1935 formae

470 1968 527 2034 ε’
540 1990 613 2036 us
630 1960 1037 2036 venustatem
1054 1960 1428 2060 floremque
1458 1964 1825 2059 juventutis
1847 2014 1869 2049 ‚
1907 1964 1986 2031 δε
2004 1982 2251 2032 naturae
2273 1986 2448 2033 con-

468 1991 537 2131 dli
544 2065 800 2132 tionem
820 2062 1200 2159 ingeniique
1215 2063 1357 2157 ejus
1375 2057 1766 2131 modestiam
1787 2113 1808 2147 ‚
1846 2083 1987 2156 quo
2023 2059 2249 2132 multis
2286 2085 2448 2132 mu-

475 2164 487 2226 }
616 2158 735 2230 bus
754 2154 1046 2257 superior
1062 2154 1219 2231 effet
1242 2212 1264 2246 ‚
1286 2154 1408 2229 nifi
1431 2158 1568 2231 hoc
1585 2153 1730 2230 solo
1745 2160 1917 2231 vitio
1934 2154 2264 2231 laboraret
2287 2212 2308 2245 ,
2331 2161 2448 2229 in-

617 2262 855 2327 imatus
895 2254 1169 2355 quidem
1207 2276 1499 2328 mortem
1520 2310 1543 2345 ‚
1592 2252 1714 2327 nifi
1753 2253 1838 2326 de
1878 2275 2124 2326 caetero
2165 2277 2442 2329 careret.

472 2413 491 2427 .
578 2382 633 2424 ·.·,
652 2353 922 2455 quidem
942 2358 1185 2425 timore
1203 2358 1431 2426 territa
1470 2359 1816 2426 continere
1853 2348 1916 2425 se
1954 2358 2188 2453 coepit.
2239 2353 2450 2427 Vnde

472 2458 543 2525 in
566 2478 830 2551 gravem
849 2450 1309 2525 infirmitatem
1331 2452 1582 2525 decidit
1605 2507 1626 2541 ‚
1644 2474 1846 2553 atque
1865 2450 2202 2525 advocatis
2225 2456 2302 2524 &
2321 2452 2455 2525 de-

470 2548 875 2647 sperantibus
898 2549 1187 2623 Medicis
1206 2554 1412 2626 vitam
1431 2552 1570 2623 e'us
1591 2549 1710 2623 nisi
1740 2556 2091 2649 repentino
2114 2549 2454 2623 concubi-

470 2670 550 2719 tu
572 2644 962 2719 satisfaceret
980 2669 1228 2720 naturae
1252 2702 1273 2735 ‚
1313 2577 1586 2720 tancssem
1621 2646 1802 2721 cessit
1823 2667 2022 2746 atque
2042 2654 2278 2721 mortis
2298 2674 2454 2722 me·-

474 2764 621 2817 tum
638 2749 784 2819 voti
800 2742 1219 2817 festinatione
1253 2741 1466 2818 solvit.
1516 2750 1830 2846 Moxque
1847 2746 2293 2820 reverentibus
2315 2772 2456 2818 no-

470 2844 579 2917 bis
600 2868 739 2915 non
756 2841 1330 2917 veritaestvitium
1347 2864 1595 2917 naturae
1633 2840 1759 2917 suae
1793 2840 2097 2944 profiteri
2118 2843 2242 2917 fibi
2260 2843 2457 2917 resti-

474 2940 621 3016 tiffe
640 2968 808 3044 pene
824 2938 1028 3044 usque
1062 2942 1149 3015 ad
1184 2965 1478 3017 mortem
1498 2997 1523 3031 ,
1561 2946 1600 2988 ¹⁸¹
1621 2940 1738 3016 sub
1779 2939 2193 3015 attestatione
2213 2943 2458 3017 Medi-

478 3079 496 3106 .
550 3066 715 3111 vum
752 3038 1055 3114 fidelium
1092 3040 1584 3141 protegebatur.
1655 3044 1805 3111 Hac
1845 3042 2048 3136 igitur
2086 3038 2454 3114 miseranda

478 3169 493 3182 ·
588 3166 651 3208 rc
672 3144 1000 3210 commoti
1018 3142 1087 3209 in
1108 3164 1424 3237 magnum
1461 3140 1699 3207 mortis
1717 3133 2024 3209 dolorem
2048 3138 2412 3213 incidimus
2431 3196 2457 3229 ,

479 3266 514 3292 -·
578 3234 642 3305 sd
659 3232 839 3303 fa&o
858 3259 1027 3331 opus
1046 3234 1204 3309 esset
1222 3231 1534 3305 omnibus
1553 3230 1775 3305 modis
1813 3233 2245 3335 ambigentes.
2297 3242 2458 3311 De-

476 3356 664 3405 mum
684 3327 879 3401 nobis
902 3330 1066 3402 nihil
1086 3332 1314 3403 melius
1333 3328 1838 3405 ex1stimavimus
1861 3388 1883 3423 ‚
1913 3359 2114 3432 quam
2133 3340 2202 3407 in
2223 3334 2350 3408 hac
2373 3361 2452 3411 re

475 3426 652 3529 spem
678 3424 935 3501 consilii
972 3430 1045 3499 in
1081 3449 1155 3501 te
1195 3452 1446 3529 ponere
1469 3484 1491 3518 ‚
1531 3454 1735 3530 quem
1755 3436 2025 3533 ingenio
2093 3430 2348 3507 raestare
2371 3460 2458 3509 o·

472 3532 747 3629 maique
791 3523 1101 3629 sapientia
1144 3526 1374 3605 multis
1433 3527 1855 3605 documentis
1915 3554 2041 3639 pro
2125 3553 2276 3605 tum
2327 3532 2456 3606 est.

2253 3634 2458 3711 Nam

536 3790 588 3847 s·
614 3776 835 3864 umes]
860 3776 957 3837 m:
983 3792 1176 3852 «xm
1204 3778 1440 3853 aava·
1469 3784 1660 3855 maz
2159 3864 2206 3907 Β
2237 3854 2466 3921 &sm
