<?xml version="1.0" encoding="UTF-8"?>
<!DOCTYPE html PUBLIC "-//W3C//DTD XHTML 1.0 Transitional//EN"
    "http://www.w3.org/TR/xhtml1/DTD/xhtml1-transitional.dtd">
<html xmlns="http://www.w3.org/1999/xhtml" xml:lang="en" lang="en">
 <head>
  <title>
</title>
<meta http-equiv="Content-Type" content="text/html;charset=utf-8" />
  <meta name='ocr-system' content='tesseract 3.04.00' />
  <meta name='ocr-capabilities' content='ocr_page ocr_carea ocr_par ocr_line ocrx_word'/>
</head>
<body>
  <div class='ocr_page' id='page_1' title='image "./titipetroniiarb00hooggoog_0946.png"; bbox 0 0 2634 4509; ppageno 0'>
   <div class='ocr_carea' id='block_1_1' title="bbox 364 377 2417 3359">
    <p class='ocr_par' dir='ltr' id='par_1_1' title="bbox 364 377 2417 3359">
     <span class='ocr_line' id='line_1_1' title="bbox 541 377 2417 471; baseline 0.001 -22"><span class='ocrx_word' id='word_1_1' title='bbox 541 380 898 465; x_wconf 79' lang='lat' dir='ltr'>compediti.</span> <span class='ocrx_word' id='word_1_2' title='bbox 939 380 1006 445; x_wconf 84' lang='lat' dir='ltr'>In</span> <span class='ocrx_word' id='word_1_3' title='bbox 1021 379 1171 445; x_wconf 85' lang='lat' dir='ltr'>libra</span> <span class='ocrx_word' id='word_1_4' title='bbox 1185 379 1451 445; x_wconf 88' lang='lat' dir='ltr'>laniones</span> <span class='ocrx_word' id='word_1_5' title='bbox 1468 377 1535 441; x_wconf 80' lang='grc' dir='ltr'>δε</span> <span class='ocrx_word' id='word_1_6' title='bbox 1575 378 1941 463; x_wconf 76' lang='lat' dir='ltr'>vnguentatii</span> <span class='ocrx_word' id='word_1_7' title='bbox 1978 382 2046 447; x_wconf 74' lang='grc' dir='ltr'>δε</span> <span class='ocrx_word' id='word_1_8' title='bbox 2078 384 2417 471; x_wconf 82' lang='lat' dir='ltr'>quicunque</span> 
     </span>
     <span class='ocr_line' id='line_1_2' title="bbox 539 461 2409 549; baseline 0.002 -20"><span class='ocrx_word' id='word_1_9' title='bbox 539 468 618 531; x_wconf 85' lang='lat' dir='ltr'>ali</span> <span class='ocrx_word' id='word_1_10' title='bbox 662 464 764 529; x_wconf 87' lang='lat' dir='ltr'>uid</span> <span class='ocrx_word' id='word_1_11' title='bbox 779 462 1127 549; x_wconf 82' lang='lat' dir='ltr'>expediunt.</span> <span class='ocrx_word' id='word_1_12' title='bbox 1183 464 1251 528; x_wconf 85' lang='lat' dir='ltr'>ln</span> <span class='ocrx_word' id='word_1_13' title='bbox 1287 461 1599 545; x_wconf 84' lang='lat' dir='ltr'><strong>scorpione</strong></span> <span class='ocrx_word' id='word_1_14' title='bbox 1632 466 1924 528; x_wconf 86' lang='lat' dir='ltr'>uenenarii</span> <span class='ocrx_word' id='word_1_15' title='bbox 1944 466 2011 527; x_wconf 76' lang='grc' dir='ltr'>δε</span> <span class='ocrx_word' id='word_1_16' title='bbox 2030 469 2409 549; x_wconf 83' lang='lat' dir='ltr'>percussotes.</span> 
     </span>
     <span class='ocr_line' id='line_1_3' title="bbox 538 544 2415 631; baseline -0.001 -16"><span class='ocrx_word' id='word_1_17' title='bbox 538 550 608 615; x_wconf 86' lang='lat' dir='ltr'>In</span> <span class='ocrx_word' id='word_1_18' title='bbox 649 549 902 631; x_wconf 77' lang='lat' dir='ltr'>agitatio</span> <span class='ocrx_word' id='word_1_19' title='bbox 921 545 1226 611; x_wconf 86' lang='lat' dir='ltr'>strabones</span> <span class='ocrx_word' id='word_1_20' title='bbox 1244 548 1345 629; x_wconf 89' lang='lat' dir='ltr'>qui</span> <span class='ocrx_word' id='word_1_21' title='bbox 1380 544 1588 608; x_wconf 83' lang='lat' dir='ltr'>holera</span> <span class='ocrx_word' id='word_1_22' title='bbox 1619 545 1881 630; x_wconf 68' lang='lat' dir='ltr'>spestant</span> <span class='ocrx_word' id='word_1_23' title='bbox 1914 546 2150 615; x_wconf 86' lang='lat' dir='ltr'>lardum</span> <span class='ocrx_word' id='word_1_24' title='bbox 2170 552 2415 615; x_wconf 86' lang='lat' dir='ltr'>tollunt.</span> 
     </span>
     <span class='ocr_line' id='line_1_4' title="bbox 541 628 2417 715; baseline 0.001 -18"><span class='ocrx_word' id='word_1_25' title='bbox 541 632 610 697; x_wconf 90' lang='lat' dir='ltr'>In</span> <span class='ocrx_word' id='word_1_26' title='bbox 627 632 986 715; x_wconf 81' lang='lat' dir='ltr'>capricorno</span> <span class='ocrx_word' id='word_1_27' title='bbox 1001 628 1337 710; x_wconf 87' lang='lat' dir='ltr'>erumpnofi</span> <span class='ocrx_word' id='word_1_28' title='bbox 1354 628 1569 711; x_wconf 88' lang='lat' dir='ltr'>quibus</span> <span class='ocrx_word' id='word_1_29' title='bbox 1600 628 1871 713; x_wconf 86' lang='lat' dir='ltr'>premala</span> <span class='ocrx_word' id='word_1_30' title='bbox 1906 630 2003 694; x_wconf 87' lang='lat' dir='ltr'>sua</span> <span class='ocrx_word' id='word_1_31' title='bbox 2042 652 2269 697; x_wconf 89' lang='lat' dir='ltr'>cornua</span> <span class='ocrx_word' id='word_1_32' title='bbox 2286 630 2417 697; x_wconf 85' lang='lat' dir='ltr'>nas-</span> 
     </span>
     <span class='ocr_line' id='line_1_5' title="bbox 481 711 2417 797; baseline -0.001 -18"><span class='ocrx_word' id='word_1_33' title='bbox 481 727 518 796; x_wconf 82' lang='grc' dir='ltr'><strong>ς</strong></span> <span class='ocrx_word' id='word_1_34' title='bbox 539 730 776 779; x_wconf 85' lang='lat' dir='ltr'>cuntur.</span> <span class='ocrx_word' id='word_1_35' title='bbox 819 712 888 775; x_wconf 85' lang='lat' dir='ltr'>ln</span> <span class='ocrx_word' id='word_1_36' title='bbox 905 714 1150 795; x_wconf 86' lang='lat' dir='ltr'>aquatio</span> <span class='ocrx_word' id='word_1_37' title='bbox 1167 730 1439 795; x_wconf 87' lang='lat' dir='ltr'>copones</span> <span class='ocrx_word' id='word_1_38' title='bbox 1454 711 1521 775; x_wconf 86' lang='lat'>&amp;</span> <span class='ocrx_word' id='word_1_39' title='bbox 1536 714 1907 777; x_wconf 77' lang='lat' dir='ltr'><strong>cucurbitae.</strong></span> <span class='ocrx_word' id='word_1_40' title='bbox 1947 715 2007 777; x_wconf 88' lang='lat' dir='ltr'>in</span> <span class='ocrx_word' id='word_1_41' title='bbox 2024 714 2279 797; x_wconf 83' lang='lat' dir='ltr'>piscibus</span> <span class='ocrx_word' id='word_1_42' title='bbox 2296 716 2417 779; x_wconf 86' lang='lat' dir='ltr'>ob-·</span> 
     </span>
     <span class='ocr_line' id='line_1_6' title="bbox 537 794 2413 882; baseline 0.001 -22"><span class='ocrx_word' id='word_1_43' title='bbox 537 798 855 861; x_wconf 82' lang='lat' dir='ltr'>senatores</span> <span class='ocrx_word' id='word_1_44' title='bbox 873 796 937 859; x_wconf 78' lang='grc' dir='ltr'>δι</span> <span class='ocrx_word' id='word_1_45' title='bbox 955 794 1250 857; x_wconf 82' lang='lat' dir='ltr'>rethores.</span> <span class='ocrx_word' id='word_1_46' title='bbox 1281 794 1385 859; x_wconf 87' lang='lat' dir='ltr'>Sic</span> <span class='ocrx_word' id='word_1_47' title='bbox 1400 794 1569 857; x_wconf 84' lang='lat' dir='ltr'>orbis</span> <span class='ocrx_word' id='word_1_48' title='bbox 1589 795 1837 859; x_wconf 85' lang='lat' dir='ltr'>vertitur</span> <span class='ocrx_word' id='word_1_49' title='bbox 1852 812 2139 882; x_wconf 81' lang='lat' dir='ltr'>tauquam</span> <span class='ocrx_word' id='word_1_50' title='bbox 2156 800 2325 863; x_wconf 86' lang='lat' dir='ltr'>mola</span> <span class='ocrx_word' id='word_1_51' title='bbox 2342 800 2413 862; x_wconf 77' lang='grc' dir='ltr'>δι</span> 
     </span>
     <span class='ocr_line' id='line_1_7' title="bbox 537 874 2410 965; baseline 0 -22"><span class='ocrx_word' id='word_1_52' title='bbox 537 876 772 961; x_wconf 81' lang='lat' dir='ltr'>semper</span> <span class='ocrx_word' id='word_1_53' title='bbox 787 876 1012 961; x_wconf 85' lang='lat' dir='ltr'>aliquid</span> <span class='ocrx_word' id='word_1_54' title='bbox 1031 879 1170 941; x_wconf 84' lang='lat' dir='ltr'>mali</span> <span class='ocrx_word' id='word_1_55' title='bbox 1190 874 1337 941; x_wconf 86' lang='lat' dir='ltr'>facit</span> <span class='ocrx_word' id='word_1_56' title='bbox 1354 891 1420 939; x_wconf 91' lang='lat' dir='ltr'>ut</span> <span class='ocrx_word' id='word_1_57' title='bbox 1438 878 1709 941; x_wconf 88' lang='lat' dir='ltr'>homines</span> <span class='ocrx_word' id='word_1_58' title='bbox 1725 896 1830 942; x_wconf 90' lang='lat' dir='ltr'>aut</span> <span class='ocrx_word' id='word_1_59' title='bbox 1846 880 2159 945; x_wconf 69' lang='lat' dir='ltr'>nascuntur</span> <span class='ocrx_word' id='word_1_60' title='bbox 2172 898 2275 945; x_wconf 89' lang='lat' dir='ltr'>aut</span> <span class='ocrx_word' id='word_1_61' title='bbox 2297 902 2410 965; x_wconf 88' lang='lat' dir='ltr'>pe·</span> 
     </span>
     <span class='ocr_line' id='line_1_8' title="bbox 533 960 2416 1050; baseline 0.002 -24"><span class='ocrx_word' id='word_1_62' title='bbox 533 960 894 1045; x_wconf 60' lang='lat' dir='ltr'>rant-quod</span> <span class='ocrx_word' id='word_1_63' title='bbox 911 977 1112 1023; x_wconf 86' lang='lat' dir='ltr'>autem</span> <span class='ocrx_word' id='word_1_64' title='bbox 1131 961 1191 1022; x_wconf 90' lang='lat' dir='ltr'>in</span> <span class='ocrx_word' id='word_1_65' title='bbox 1209 960 1420 1023; x_wconf 87' lang='lat' dir='ltr'>medio</span> <span class='ocrx_word' id='word_1_66' title='bbox 1438 960 1655 1043; x_wconf 86' lang='lat' dir='ltr'>cespite</span> <span class='ocrx_word' id='word_1_67' title='bbox 1686 962 1919 1026; x_wconf 86' lang='lat' dir='ltr'>uidetis.</span> <span class='ocrx_word' id='word_1_68' title='bbox 1954 962 2019 1024; x_wconf 85' lang='lat'>&amp;</span> <span class='ocrx_word' id='word_1_69' title='bbox 2034 962 2203 1048; x_wconf 88' lang='lat' dir='ltr'>supet</span> <span class='ocrx_word' id='word_1_70' title='bbox 2220 962 2416 1050; x_wconf 77' lang='lat' dir='ltr'>cespi-</span> 
     </span>
     <span class='ocr_line' id='line_1_9' title="bbox 535 1040 2416 1118; baseline 0.002 -12"><span class='ocrx_word' id='word_1_71' title='bbox 535 1059 665 1106; x_wconf 88' lang='lat' dir='ltr'>tem</span> <span class='ocrx_word' id='word_1_72' title='bbox 682 1042 906 1118; x_wconf 81' lang='lat' dir='ltr'>fanum,</span> <span class='ocrx_word' id='word_1_73' title='bbox 925 1043 1068 1108; x_wconf 85' lang='lat' dir='ltr'>nihil</span> <span class='ocrx_word' id='word_1_74' title='bbox 1083 1042 1196 1107; x_wconf 84' lang='lat' dir='ltr'>fine</span> <span class='ocrx_word' id='word_1_75' title='bbox 1215 1043 1448 1106; x_wconf 84' lang='lat' dir='ltr'>ratione</span> <span class='ocrx_word' id='word_1_76' title='bbox 1464 1040 1649 1107; x_wconf 68' lang='lat' dir='ltr'>facto.</span> <span class='ocrx_word' id='word_1_77' title='bbox 1684 1060 1841 1107; x_wconf 85' lang='lat' dir='ltr'>terra</span> <span class='ocrx_word' id='word_1_78' title='bbox 1878 1064 2073 1109; x_wconf 85' lang='lat' dir='ltr'>mater</span> <span class='ocrx_word' id='word_1_79' title='bbox 2098 1046 2259 1111; x_wconf 88' lang='lat' dir='ltr'>estin</span> <span class='ocrx_word' id='word_1_80' title='bbox 2280 1065 2416 1112; x_wconf 86' lang='lat' dir='ltr'>me-</span> 
     </span>
     <span class='ocr_line' id='line_1_10' title="bbox 429 1124 2409 1209; baseline 0.001 -18"><span class='ocrx_word' id='word_1_81' title='bbox 429 1140 516 1191; x_wconf 82' lang='lat'>10</span> <span class='ocrx_word' id='word_1_82' title='bbox 535 1126 644 1191; x_wconf 91' lang='lat' dir='ltr'>dio</span> <span class='ocrx_word' id='word_1_83' title='bbox 659 1125 816 1209; x_wconf 72' lang='lat' dir='ltr'>quali</span> <span class='ocrx_word' id='word_1_84' title='bbox 835 1146 1020 1188; x_wconf 88' lang='lat' dir='ltr'>ouum</span> <span class='ocrx_word' id='word_1_85' title='bbox 1043 1124 1477 1192; x_wconf 82' lang='lat' dir='ltr'>corrotundata</span> <span class='ocrx_word' id='word_1_86' title='bbox 1495 1172 1513 1200; x_wconf 88' lang='lat'><strong>,</strong></span> <span class='ocrx_word' id='word_1_87' title='bbox 1556 1126 1625 1189; x_wconf 77' lang='grc' dir='ltr'>δε</span> <span class='ocrx_word' id='word_1_88' title='bbox 1658 1128 1857 1191; x_wconf 85' lang='lat' dir='ltr'>omnia</span> <span class='ocrx_word' id='word_1_89' title='bbox 1896 1126 2057 1193; x_wconf 87' lang='lat' dir='ltr'>bona</span> <span class='ocrx_word' id='word_1_90' title='bbox 2072 1130 2133 1193; x_wconf 89' lang='lat' dir='ltr'>in</span> <span class='ocrx_word' id='word_1_91' title='bbox 2148 1128 2211 1193; x_wconf 89' lang='lat' dir='ltr'>se</span> <span class='ocrx_word' id='word_1_92' title='bbox 2226 1130 2409 1193; x_wconf 84' lang='lat' dir='ltr'>habet</span> 
     </span>
     <span class='ocr_line' id='line_1_11' title="bbox 533 1206 2405 1355; baseline 0.002 -82"><span class='ocrx_word' id='word_1_93' title='bbox 533 1227 818 1355; x_wconf 55' lang='lat' dir='ltr'>tagquaga</span> <span class='ocrx_word' id='word_1_94' title='bbox 839 1206 1030 1355; x_wconf 47' lang='lat' dir='ltr'>famsssr‘</span> <span class='ocrx_word' id='word_1_95' title='bbox 1049 1207 1293 1353; x_wconf 50' lang='lat' dir='ltr'>Soplhros</span> <span class='ocrx_word' id='word_1_96' title='bbox 1311 1208 1997 1355; x_wconf 49' lang='lat' dir='ltr'>uniuerfictggmamuts,&amp;</span> <span class='ocrx_word' id='word_1_97' title='bbox 2014 1210 2257 1277; x_wconf 87' lang='lat' dir='ltr'>sublatis</span> <span class='ocrx_word' id='word_1_98' title='bbox 2274 1232 2405 1277; x_wconf 86' lang='lat' dir='ltr'>ma-</span> 
     </span>
     <span class='ocr_line' id='line_1_12' title="bbox 533 1312 2410 1357; baseline 0.001 -1"><span class='ocrx_word' id='word_1_99' title='bbox 533 1312 758 1357; x_wconf 78' lang='lat' dir='ltr'>musa</span> <span class='ocrx_word' id='word_1_100' title='bbox 819 1312 954 1355; x_wconf 87' lang='lat' dir='ltr'>cam</span> <span class='ocrx_word' id='word_1_101' title='bbox 1025 1312 1162 1357; x_wconf 74' lang='lat' dir='ltr'>ami</span> <span class='ocrx_word' id='word_1_102' title='bbox 1233 1312 1437 1355; x_wconf 77' lang='lat' dir='ltr'>amust</span> <span class='ocrx_word' id='word_1_103' title='bbox 1482 1312 1551 1355; x_wconf 87' lang='lat' dir='ltr'>ar</span> <span class='ocrx_word' id='word_1_104' title='bbox 1670 1312 1731 1355; x_wconf 92' lang='lat' dir='ltr'>m</span> <span class='ocrx_word' id='word_1_105' title='bbox 1764 1312 1863 1355; x_wconf 87' lang='lat' dir='ltr'>ata</span> <span class='ocrx_word' id='word_1_106' title='bbox 1894 1312 1993 1357; x_wconf 88' lang='lat' dir='ltr'>um</span> <span class='ocrx_word' id='word_1_107' title='bbox 2040 1315 2116 1357; x_wconf 91' lang='lat' dir='ltr'>ue</span> <span class='ocrx_word' id='word_1_108' title='bbox 2150 1312 2291 1357; x_wconf 91' lang='lat' dir='ltr'>com</span> <span class='ocrx_word' id='word_1_109' title='bbox 2338 1316 2410 1357; x_wconf 80' lang='grc' dir='ltr'>ι-</span> 
     </span>
     <span class='ocr_line' id='line_1_13' title="bbox 531 1314 2403 1453; baseline 0 -12"><span class='ocrx_word' id='word_1_110' title='bbox 531 1372 756 1441; x_wconf 79' lang='lat' dir='ltr'>randos</span> <span class='ocrx_word' id='word_1_111' title='bbox 773 1374 856 1438; x_wconf 89' lang='lat' dir='ltr'>illi</span> <span class='ocrx_word' id='word_1_112' title='bbox 873 1375 1147 1438; x_wconf 87' lang='lat' dir='ltr'>homines</span> <span class='ocrx_word' id='word_1_113' title='bbox 1163 1394 1284 1436; x_wconf 87' lang='lat' dir='ltr'>non</span> <span class='ocrx_word' id='word_1_114' title='bbox 1303 1314 1486 1439; x_wconf 60' lang='lat' dir='ltr'>fujffg</span> <span class='ocrx_word' id='word_1_115' title='bbox 1510 1378 1732 1439; x_wconf 84' lang='lat' dir='ltr'>donec.</span> <span class='ocrx_word' id='word_1_116' title='bbox 1755 1316 2117 1441; x_wconf 41' lang='lat' dir='ltr'>aduenerant</span> <span class='ocrx_word' id='word_1_117' title='bbox 2134 1316 2403 1453; x_wconf 53' lang='lat' dir='ltr'>minilfri,</span> 
     </span>
     <span class='ocr_line' id='line_1_14' title="bbox 531 1456 2404 1545; baseline 0.001 -24"><span class='ocrx_word' id='word_1_118' title='bbox 531 1476 602 1521; x_wconf 78' lang='lat' dir='ltr'>ac</span> <span class='ocrx_word' id='word_1_119' title='bbox 622 1456 838 1521; x_wconf 87' lang='lat' dir='ltr'>tolaria</span> <span class='ocrx_word' id='word_1_120' title='bbox 857 1456 1291 1541; x_wconf 87' lang='lat' dir='ltr'>proposuerunt</span> <span class='ocrx_word' id='word_1_121' title='bbox 1332 1459 1485 1522; x_wconf 86' lang='lat' dir='ltr'>toris</span> <span class='ocrx_word' id='word_1_122' title='bbox 1522 1459 1579 1521; x_wconf 90' lang='lat' dir='ltr'>in</span> <span class='ocrx_word' id='word_1_123' title='bbox 1618 1456 1833 1541; x_wconf 90' lang='lat' dir='ltr'>quibus</span> <span class='ocrx_word' id='word_1_124' title='bbox 1870 1462 2019 1523; x_wconf 77' lang='lat' dir='ltr'>retia</span> <span class='ocrx_word' id='word_1_125' title='bbox 2056 1475 2225 1525; x_wconf 84' lang='lat' dir='ltr'>erant</span> <span class='ocrx_word' id='word_1_126' title='bbox 2242 1461 2404 1545; x_wconf 65' lang='lat' dir='ltr'>pieta</span> 
     </span>
     <span class='ocr_line' id='line_1_15' title="bbox 429 1537 2407 1627; baseline -0.001 -19"><span class='ocrx_word' id='word_1_127' title='bbox 429 1556 510 1626; x_wconf 70' lang='grc' dir='ltr'>ις</span> <span class='ocrx_word' id='word_1_128' title='bbox 537 1537 990 1623; x_wconf 72' lang='lat' dir='ltr'>subsessoresque</span> <span class='ocrx_word' id='word_1_129' title='bbox 1005 1560 1142 1603; x_wconf 87' lang='lat' dir='ltr'>cum</span> <span class='ocrx_word' id='word_1_130' title='bbox 1161 1538 1523 1615; x_wconf 83' lang='lat' dir='ltr'>uenerabilis,</span> <span class='ocrx_word' id='word_1_131' title='bbox 1542 1542 1608 1603; x_wconf 74' lang='grc' dir='ltr'>δε</span> <span class='ocrx_word' id='word_1_132' title='bbox 1627 1556 1795 1603; x_wconf 90' lang='lat' dir='ltr'>totus</span> <span class='ocrx_word' id='word_1_133' title='bbox 1814 1545 2137 1606; x_wconf 87' lang='lat' dir='ltr'>uenationis</span> <span class='ocrx_word' id='word_1_134' title='bbox 2158 1562 2407 1627; x_wconf 83' lang='lat' dir='ltr'>appara·-</span> 
     </span>
     <span class='ocr_line' id='line_1_16' title="bbox 530 1620 2401 1707; baseline 0.001 -20"><span class='ocrx_word' id='word_1_135' title='bbox 530 1641 759 1687; x_wconf 88' lang='lat' dir='ltr'>tus.nec</span> <span class='ocrx_word' id='word_1_136' title='bbox 773 1622 922 1687; x_wconf 86' lang='lat' dir='ltr'>dum</span> <span class='ocrx_word' id='word_1_137' title='bbox 937 1620 1262 1686; x_wconf 85' lang='lat' dir='ltr'>sciebamus</span> <span class='ocrx_word' id='word_1_138' title='bbox 1273 1624 1644 1687; x_wconf 85' lang='lat' dir='ltr'>mitteremus</span> <span class='ocrx_word' id='word_1_139' title='bbox 1656 1622 2003 1707; x_wconf 83' lang='lat' dir='ltr'>suspiciones</span> <span class='ocrx_word' id='word_1_140' title='bbox 2014 1625 2401 1695; x_wconf 78' lang='lat' dir='ltr'>nostras.cum</span> 
     </span>
     <span class='ocr_line' id='line_1_17' title="bbox 529 1704 2398 1788; baseline 0.001 -19"><span class='ocrx_word' id='word_1_141' title='bbox 529 1721 702 1769; x_wconf 79' lang='lat' dir='ltr'>extra</span> <span class='ocrx_word' id='word_1_142' title='bbox 717 1707 1036 1769; x_wconf 89' lang='lat' dir='ltr'>triclinium</span> <span class='ocrx_word' id='word_1_143' title='bbox 1055 1706 1287 1771; x_wconf 83' lang='lat' dir='ltr'>clamor</span> <span class='ocrx_word' id='word_1_144' title='bbox 1305 1706 1563 1774; x_wconf 83' lang='lat' dir='ltr'>sublatus</span> <span class='ocrx_word' id='word_1_145' title='bbox 1596 1704 1680 1767; x_wconf 88' lang='lat' dir='ltr'>est</span> <span class='ocrx_word' id='word_1_146' title='bbox 1718 1708 1947 1788; x_wconf 82' lang='lat' dir='ltr'>ingens.</span> <span class='ocrx_word' id='word_1_147' title='bbox 1981 1710 2048 1771; x_wconf 75' lang='grc' dir='ltr'>δε</span> <span class='ocrx_word' id='word_1_148' title='bbox 2064 1727 2207 1773; x_wconf 88' lang='lat' dir='ltr'>ecce</span> <span class='ocrx_word' id='word_1_149' title='bbox 2222 1726 2398 1771; x_wconf 82' lang='lat' dir='ltr'>canes</span> 
     </span>
     <span class='ocr_line' id='line_1_18' title="bbox 527 1788 2398 1872; baseline 0 -19"><span class='ocrx_word' id='word_1_150' title='bbox 527 1788 781 1853; x_wconf 81' lang='lat' dir='ltr'>laconici</span> <span class='ocrx_word' id='word_1_151' title='bbox 793 1790 974 1853; x_wconf 89' lang='lat' dir='ltr'>etiam</span> <span class='ocrx_word' id='word_1_152' title='bbox 991 1789 1190 1851; x_wconf 77' lang='lat' dir='ltr'>circha</span> <span class='ocrx_word' id='word_1_153' title='bbox 1203 1788 1459 1853; x_wconf 67' lang='lat' dir='ltr'>mensium</span> <span class='ocrx_word' id='word_1_154' title='bbox 1476 1788 1803 1851; x_wconf 83' lang='lat' dir='ltr'>discurrere</span> <span class='ocrx_word' id='word_1_155' title='bbox 1818 1806 2117 1872; x_wconf 87' lang='lat' dir='ltr'>ceperunt.</span> <span class='ocrx_word' id='word_1_156' title='bbox 2128 1792 2398 1855; x_wconf 87' lang='lat' dir='ltr'>secutum</span> 
     </span>
     <span class='ocr_line' id='line_1_19' title="bbox 529 1870 2401 1959; baseline 0 -24"><span class='ocrx_word' id='word_1_157' title='bbox 529 1871 614 1935; x_wconf 84' lang='lat' dir='ltr'>est</span> <span class='ocrx_word' id='word_1_158' title='bbox 633 1872 743 1935; x_wconf 85' lang='lat' dir='ltr'>hos</span> <span class='ocrx_word' id='word_1_159' title='bbox 762 1870 1174 1955; x_wconf 72' lang='lat' dir='ltr'>repositorium</span> <span class='ocrx_word' id='word_1_160' title='bbox 1195 1872 1252 1935; x_wconf 89' lang='lat' dir='ltr'>in</span> <span class='ocrx_word' id='word_1_161' title='bbox 1271 1890 1395 1955; x_wconf 87' lang='lat' dir='ltr'>quo</span> <span class='ocrx_word' id='word_1_162' title='bbox 1416 1870 1637 1955; x_wconf 70' lang='lat' dir='ltr'>politus</span> <span class='ocrx_word' id='word_1_163' title='bbox 1658 1888 1787 1933; x_wconf 86' lang='lat' dir='ltr'>erat</span> <span class='ocrx_word' id='word_1_164' title='bbox 1804 1875 1995 1955; x_wconf 88' lang='lat' dir='ltr'>prime</span> <span class='ocrx_word' id='word_1_165' title='bbox 2030 1873 2401 1959; x_wconf 82' lang='lat' dir='ltr'>magnitudi-</span> 
     </span>
     <span class='ocr_line' id='line_1_20' title="bbox 419 1953 2401 2053; baseline -0.002 -33"><span class='ocrx_word' id='word_1_166' title='bbox 419 1966 514 2020; x_wconf 78' lang='lat'>20</span> <span class='ocrx_word' id='word_1_167' title='bbox 531 1957 622 2019; x_wconf 85' lang='lat' dir='ltr'>nis</span> <span class='ocrx_word' id='word_1_168' title='bbox 635 1974 779 2037; x_wconf 74' lang='lat' dir='ltr'>aper</span> <span class='ocrx_word' id='word_1_169' title='bbox 796 2000 816 2028; x_wconf 84' lang='lat'>,</span> <span class='ocrx_word' id='word_1_170' title='bbox 853 1956 919 2021; x_wconf 76' lang='grc' dir='ltr'>δι</span> <span class='ocrx_word' id='word_1_171' title='bbox 933 1953 1180 2038; x_wconf 84' lang='lat' dir='ltr'>quidem</span> <span class='ocrx_word' id='word_1_172' title='bbox 1199 1956 1473 2037; x_wconf 82' lang='lat' dir='ltr'>pilleatus</span> <span class='ocrx_word' id='word_1_173' title='bbox 1490 2002 1511 2028; x_wconf 90' lang='lat'>‚</span> <span class='ocrx_word' id='word_1_174' title='bbox 1552 1972 1593 2019; x_wconf 87' lang='lat' dir='ltr'>e</span> <span class='ocrx_word' id='word_1_175' title='bbox 1608 1953 1776 2017; x_wconf 88' lang='lat' dir='ltr'>cuius</span> <span class='ocrx_word' id='word_1_176' title='bbox 1812 1955 2091 2019; x_wconf 85' lang='lat' dir='ltr'>dentibus</span> <span class='ocrx_word' id='word_1_177' title='bbox 2118 1955 2401 2053; x_wconf 80' lang='lat' dir='ltr'>lportelle</span> 
     </span>
     <span class='ocr_line' id='line_1_21' title="bbox 527 2036 2401 2121; baseline -0.001 -18"><span class='ocrx_word' id='word_1_178' title='bbox 527 2036 948 2121; x_wconf 83' lang='lat' dir='ltr'>dependebant</span> <span class='ocrx_word' id='word_1_179' title='bbox 963 2040 1083 2097; x_wconf 86' lang='lat' dir='ltr'>due</span> <span class='ocrx_word' id='word_1_180' title='bbox 1101 2082 1120 2109; x_wconf 88' lang='lat'>,</span> <span class='ocrx_word' id='word_1_181' title='bbox 1161 2036 1316 2120; x_wconf 81' lang='lat' dir='ltr'>palm</span> <span class='ocrx_word' id='word_1_182' title='bbox 1324 2037 1431 2101; x_wconf 89' lang='lat' dir='ltr'>ulis</span> <span class='ocrx_word' id='word_1_183' title='bbox 1464 2052 1684 2101; x_wconf 81' lang='lat' dir='ltr'>textae.</span> <span class='ocrx_word' id='word_1_184' title='bbox 1718 2038 1902 2101; x_wconf 84' lang='lat' dir='ltr'>altera</span> <span class='ocrx_word' id='word_1_185' title='bbox 1932 2057 2189 2103; x_wconf 77' lang='lat' dir='ltr'>careotts</span> <span class='ocrx_word' id='word_1_186' title='bbox 2204 2038 2401 2102; x_wconf 79' lang='lat' dir='ltr'>altera</span> 
     </span>
     <span class='ocr_line' id='line_1_22' title="bbox 527 2119 2399 2203; baseline 0 -20"><span class='ocrx_word' id='word_1_187' title='bbox 527 2119 817 2185; x_wconf 77' lang='lat' dir='ltr'>tebaicist</span> <span class='ocrx_word' id='word_1_188' title='bbox 895 2121 1036 2183; x_wconf 77' lang='lat' dir='ltr'>leta.</span> <span class='ocrx_word' id='word_1_189' title='bbox 1071 2119 1266 2183; x_wconf 78' lang='lat' dir='ltr'>circha</span> <span class='ocrx_word' id='word_1_190' title='bbox 1283 2135 1483 2189; x_wconf 71' lang='lat' dir='ltr'>autem</span> <span class='ocrx_word' id='word_1_191' title='bbox 1506 2122 1764 2187; x_wconf 82' lang='lat' dir='ltr'>minores</span> <span class='ocrx_word' id='word_1_192' title='bbox 1782 2121 2068 2201; x_wconf 86' lang='lat' dir='ltr'>porcelli,</span> <span class='ocrx_word' id='word_1_193' title='bbox 2108 2136 2399 2203; x_wconf 74' lang='lat' dir='ltr'>excepto</span> 
     </span>
     <span class='ocr_line' id='line_1_23' title="bbox 529 2200 2399 2287; baseline -0.002 -20"><span class='ocrx_word' id='word_1_194' title='bbox 529 2203 820 2287; x_wconf 79' lang='lat' dir='ltr'>placentis</span> <span class='ocrx_word' id='word_1_195' title='bbox 861 2202 977 2269; x_wconf 69' lang='lat' dir='ltr'>affl</span> <span class='ocrx_word' id='word_1_196' title='bbox 996 2249 1014 2275; x_wconf 80' lang='lat'>,</span> <span class='ocrx_word' id='word_1_197' title='bbox 1059 2202 1219 2287; x_wconf 73' lang='lat' dir='ltr'>quali</span> <span class='ocrx_word' id='word_1_198' title='bbox 1258 2200 1538 2273; x_wconf 83' lang='lat' dir='ltr'>uberibus</span> <span class='ocrx_word' id='word_1_199' title='bbox 1562 2204 1955 2271; x_wconf 82' lang='lat' dir='ltr'>imminerent</span> <span class='ocrx_word' id='word_1_200' title='bbox 1986 2204 2247 2270; x_wconf 83' lang='lat' dir='ltr'>scrofam</span> <span class='ocrx_word' id='word_1_201' title='bbox 2282 2200 2399 2265; x_wconf 83' lang='lat' dir='ltr'>esse</span> 
     </span>
     <span class='ocr_line' id='line_1_24' title="bbox 525 2283 2401 2371; baseline -0.002 -22"><span class='ocrx_word' id='word_1_202' title='bbox 525 2283 778 2371; x_wconf 71' lang='lat' dir='ltr'>politam</span> <span class='ocrx_word' id='word_1_203' title='bbox 797 2284 1216 2370; x_wconf 71' lang='lat' dir='ltr'>significabant.</span> <span class='ocrx_word' id='word_1_204' title='bbox 1236 2288 1302 2349; x_wconf 75' lang='grc' dir='ltr'>δι</span> <span class='ocrx_word' id='word_1_205' title='bbox 1320 2288 1381 2349; x_wconf 86' lang='lat' dir='ltr'>hi</span> <span class='ocrx_word' id='word_1_206' title='bbox 1396 2284 1634 2369; x_wconf 88' lang='lat' dir='ltr'>quidem</span> <span class='ocrx_word' id='word_1_207' title='bbox 1652 2286 2005 2369; x_wconf 83' lang='lat' dir='ltr'>apophoreti</span> <span class='ocrx_word' id='word_1_208' title='bbox 2022 2284 2277 2351; x_wconf 85' lang='lat' dir='ltr'>fuerunt.</span> <span class='ocrx_word' id='word_1_209' title='bbox 2294 2304 2401 2346; x_wconf 88' lang='lat' dir='ltr'>ce-</span> 
     </span>
     <span class='ocr_line' id='line_1_25' title="bbox 364 2365 2397 2453; baseline -0.001 -20"><span class='ocrx_word' id='word_1_210' title='bbox 364 2417 368 2421; x_wconf 24' lang='lat'><em>*</em></span> <span class='ocrx_word' id='word_1_211' title='bbox 413 2374 498 2447; x_wconf 78' lang='lat'>25</span> <span class='ocrx_word' id='word_1_212' title='bbox 522 2384 720 2433; x_wconf 86' lang='lat' dir='ltr'>terum</span> <span class='ocrx_word' id='word_1_213' title='bbox 738 2369 822 2435; x_wconf 77' lang='lat' dir='ltr'>ad</span> <span class='ocrx_word' id='word_1_214' title='bbox 841 2365 1222 2436; x_wconf 80' lang='lat' dir='ltr'>scindendum</span> <span class='ocrx_word' id='word_1_215' title='bbox 1241 2388 1451 2453; x_wconf 79' lang='lat' dir='ltr'>aprum</span> <span class='ocrx_word' id='word_1_216' title='bbox 1473 2389 1591 2433; x_wconf 86' lang='lat' dir='ltr'>non</span> <span class='ocrx_word' id='word_1_217' title='bbox 1609 2370 1713 2437; x_wconf 89' lang='lat' dir='ltr'>ille</span> <span class='ocrx_word' id='word_1_218' title='bbox 1728 2386 1940 2451; x_wconf 83' lang='lat' dir='ltr'>carpus</span> <span class='ocrx_word' id='word_1_219' title='bbox 1974 2369 2215 2433; x_wconf 84' lang='lat' dir='ltr'>acceffit</span> <span class='ocrx_word' id='word_1_220' title='bbox 2236 2416 2254 2444; x_wconf 82' lang='grc'><strong>,</strong></span> <span class='ocrx_word' id='word_1_221' title='bbox 2292 2369 2397 2453; x_wconf 88' lang='lat' dir='ltr'>qui</span> 
     </span>
     <span class='ocr_line' id='line_1_26' title="bbox 517 2450 2397 2536; baseline -0.002 -19"><span class='ocrx_word' id='word_1_222' title='bbox 517 2450 1085 2523; x_wconf 74' lang='lat' dir='ltr'>altilialacerauerat</span> <span class='ocrx_word' id='word_1_223' title='bbox 1105 2500 1124 2527; x_wconf 89' lang='lat'>,</span> <span class='ocrx_word' id='word_1_224' title='bbox 1163 2452 1262 2517; x_wconf 89' lang='lat' dir='ltr'>sed</span> <span class='ocrx_word' id='word_1_225' title='bbox 1282 2452 1561 2523; x_wconf 81' lang='lat' dir='ltr'>barbatus</span> <span class='ocrx_word' id='word_1_226' title='bbox 1593 2453 1799 2536; x_wconf 84' lang='lat' dir='ltr'>ingens</span> <span class='ocrx_word' id='word_1_227' title='bbox 1832 2450 2037 2515; x_wconf 81' lang='lat' dir='ltr'>fasceis</span> <span class='ocrx_word' id='word_1_228' title='bbox 2059 2451 2397 2518; x_wconf 80' lang='lat' dir='ltr'>cruralibus</span> 
     </span>
     <span class='ocr_line' id='line_1_27' title="bbox 521 2535 2395 2619; baseline -0.003 -19"><span class='ocrx_word' id='word_1_229' title='bbox 521 2535 794 2617; x_wconf 76' lang='lat' dir='ltr'>alligatus</span> <span class='ocrx_word' id='word_1_230' title='bbox 810 2536 876 2601; x_wconf 71' lang='grc' dir='ltr'>δι</span> <span class='ocrx_word' id='word_1_231' title='bbox 889 2536 1102 2601; x_wconf 81' lang='lat' dir='ltr'>alicula</span> <span class='ocrx_word' id='word_1_232' title='bbox 1121 2535 1775 2617; x_wconf 71' lang='lat' dir='ltr'>subornatus,polimita</span> <span class='ocrx_word' id='word_1_233' title='bbox 1793 2535 1994 2601; x_wconf 65' lang='lat' dir='ltr'>stricto</span> <span class='ocrx_word' id='word_1_234' title='bbox 2010 2556 2129 2619; x_wconf 87' lang='lat' dir='ltr'>que</span> <span class='ocrx_word' id='word_1_235' title='bbox 2146 2552 2395 2599; x_wconf 79' lang='lat' dir='ltr'>uenato-</span> 
     </span>
     <span class='ocr_line' id='line_1_28' title="bbox 517 2616 2395 2701; baseline -0.002 -20"><span class='ocrx_word' id='word_1_236' title='bbox 517 2618 618 2681; x_wconf 69' lang='lat' dir='ltr'>tio</span> <span class='ocrx_word' id='word_1_237' title='bbox 636 2616 834 2681; x_wconf 87' lang='lat' dir='ltr'>cultro</span> <span class='ocrx_word' id='word_1_238' title='bbox 849 2620 1002 2685; x_wconf 83' lang='lat' dir='ltr'>latus</span> <span class='ocrx_word' id='word_1_239' title='bbox 1019 2619 1146 2701; x_wconf 89' lang='lat' dir='ltr'>apri</span> <span class='ocrx_word' id='word_1_240' title='bbox 1165 2622 1545 2687; x_wconf 79' lang='lat' dir='ltr'>uehementer</span> <span class='ocrx_word' id='word_1_241' title='bbox 1576 2617 1851 2700; x_wconf 82' lang='lat' dir='ltr'>percuffit</span> <span class='ocrx_word' id='word_1_242' title='bbox 1878 2666 1895 2692; x_wconf 92' lang='lat'><strong>,</strong></span> <span class='ocrx_word' id='word_1_243' title='bbox 1932 2637 2011 2689; x_wconf 79' lang='lat' dir='ltr'>ex</span> <span class='ocrx_word' id='word_1_244' title='bbox 2030 2621 2203 2684; x_wconf 85' lang='lat' dir='ltr'>cuius</span> <span class='ocrx_word' id='word_1_245' title='bbox 2220 2618 2395 2701; x_wconf 77' lang='lat' dir='ltr'>plaga</span> 
     </span>
     <span class='ocr_line' id='line_1_29' title="bbox 519 2699 2395 2784; baseline -0.001 -22"><span class='ocrx_word' id='word_1_246' title='bbox 519 2701 682 2763; x_wconf 81' lang='lat' dir='ltr'>turdi</span> <span class='ocrx_word' id='word_1_247' title='bbox 699 2700 1112 2767; x_wconf 84' lang='lat' dir='ltr'>euolauerunt.</span> <span class='ocrx_word' id='word_1_248' title='bbox 1153 2704 1343 2784; x_wconf 75' lang='lat' dir='ltr'>parati</span> <span class='ocrx_word' id='word_1_249' title='bbox 1364 2719 1621 2783; x_wconf 69' lang='lat' dir='ltr'>aucupet</span> <span class='ocrx_word' id='word_1_250' title='bbox 1639 2720 1777 2765; x_wconf 86' lang='lat' dir='ltr'>cum</span> <span class='ocrx_word' id='word_1_251' title='bbox 1818 2702 2237 2767; x_wconf 79' lang='lat' dir='ltr'>harundinibus</span> <span class='ocrx_word' id='word_1_252' title='bbox 2262 2699 2395 2762; x_wconf 81' lang='lat' dir='ltr'>fue-</span> 
     </span>
     <span class='ocr_line' id='line_1_30' title="bbox 409 2782 2286 2859; baseline -0.001 -13"><span class='ocrx_word' id='word_1_253' title='bbox 409 2788 498 2859; x_wconf 85' lang='lat'>30</span> <span class='ocrx_word' id='word_1_254' title='bbox 520 2798 678 2846; x_wconf 84' lang='lat' dir='ltr'>runt.</span> <span class='ocrx_word' id='word_1_255' title='bbox 695 2782 886 2849; x_wconf 83' lang='lat' dir='ltr'>&amp;eos</span> <span class='ocrx_word' id='word_1_256' title='bbox 900 2786 1100 2849; x_wconf 87' lang='lat' dir='ltr'>circha</span> <span class='ocrx_word' id='word_1_257' title='bbox 1119 2784 1442 2849; x_wconf 86' lang='lat' dir='ltr'>triclinium</span> <span class='ocrx_word' id='word_1_258' title='bbox 1454 2784 1789 2855; x_wconf 53' lang='lat' dir='ltr'>⁶uolitantes</span> <span class='ocrx_word' id='word_1_259' title='bbox 1806 2804 2125 2857; x_wconf 79' lang='lat' dir='ltr'>momento</span> <span class='ocrx_word' id='word_1_260' title='bbox 2138 2803 2286 2848; x_wconf 78' lang='lat' dir='ltr'>exce</span> 
     </span>
     <span class='ocr_line' id='line_1_31' title="bbox 515 2864 2392 2950; baseline -0.003 -20"><span class='ocrx_word' id='word_1_261' title='bbox 515 2881 680 2930; x_wconf 79' lang='lat' dir='ltr'>runt.</span> <span class='ocrx_word' id='word_1_262' title='bbox 737 2864 878 2931; x_wconf 77' lang='lat' dir='ltr'>inde</span> <span class='ocrx_word' id='word_1_263' title='bbox 911 2888 1052 2935; x_wconf 83' lang='lat' dir='ltr'>cum</span> <span class='ocrx_word' id='word_1_264' title='bbox 1095 2867 1260 2931; x_wconf 87' lang='lat' dir='ltr'>suum</span> <span class='ocrx_word' id='word_1_265' title='bbox 1295 2868 1511 2950; x_wconf 87' lang='lat' dir='ltr'>cuique</span> <span class='ocrx_word' id='word_1_266' title='bbox 1548 2864 1785 2931; x_wconf 82' lang='lat' dir='ltr'>iuffisset</span> <span class='ocrx_word' id='word_1_267' title='bbox 1820 2866 2027 2934; x_wconf 86' lang='lat' dir='ltr'>referri</span> <span class='ocrx_word' id='word_1_268' title='bbox 2047 2866 2279 2933; x_wconf 79' lang='lat' dir='ltr'>trimalc</span> <span class='ocrx_word' id='word_1_269' title='bbox 2326 2866 2392 2925; x_wconf 90' lang='lat' dir='ltr'>io</span> 
     </span>
     <span class='ocr_line' id='line_1_32' title="bbox 511 2949 2397 3033; baseline -0.003 -20"><span class='ocrx_word' id='word_1_270' title='bbox 511 2949 758 3013; x_wconf 80' lang='lat' dir='ltr'>adiecit.</span> <span class='ocrx_word' id='word_1_271' title='bbox 775 2952 954 3017; x_wconf 81' lang='lat' dir='ltr'>etiam</span> <span class='ocrx_word' id='word_1_272' title='bbox 972 2954 1176 3017; x_wconf 89' lang='lat' dir='ltr'>uidete</span> <span class='ocrx_word' id='word_1_273' title='bbox 1193 2971 1371 3033; x_wconf 82' lang='lat' dir='ltr'>quam</span> <span class='ocrx_word' id='word_1_274' title='bbox 1397 2969 1617 3033; x_wconf 90' lang='lat' dir='ltr'>porcus</span> <span class='ocrx_word' id='word_1_275' title='bbox 1634 2952 1735 3014; x_wconf 89' lang='lat' dir='ltr'>ille</span> <span class='ocrx_word' id='word_1_276' title='bbox 1752 2950 2045 3015; x_wconf 84' lang='lat' dir='ltr'>filuaticus</span> <span class='ocrx_word' id='word_1_277' title='bbox 2065 2967 2258 3014; x_wconf 79' lang='lat' dir='ltr'>totam</span> <span class='ocrx_word' id='word_1_278' title='bbox 2278 2966 2397 3009; x_wconf 89' lang='lat' dir='ltr'>co-</span> 
     </span>
     <span class='ocr_line' id='line_1_33' title="bbox 518 3031 2395 3117; baseline -0.003 -20"><span class='ocrx_word' id='word_1_279' title='bbox 518 3031 779 3097; x_wconf 85' lang='lat' dir='ltr'>mederit</span> <span class='ocrx_word' id='word_1_280' title='bbox 794 3033 1096 3117; x_wconf 80' lang='lat' dir='ltr'>glandem.</span> <span class='ocrx_word' id='word_1_281' title='bbox 1155 3034 1343 3097; x_wconf 85' lang='lat' dir='ltr'>statim</span> <span class='ocrx_word' id='word_1_282' title='bbox 1382 3036 1547 3116; x_wconf 90' lang='lat' dir='ltr'>pueri</span> <span class='ocrx_word' id='word_1_283' title='bbox 1586 3035 1663 3095; x_wconf 87' lang='lat' dir='ltr'>ad</span> <span class='ocrx_word' id='word_1_284' title='bbox 1700 3034 2015 3116; x_wconf 74' lang='lat' dir='ltr'>{portellos</span> <span class='ocrx_word' id='word_1_285' title='bbox 2030 3032 2395 3098; x_wconf 81' lang='lat' dir='ltr'>accesserunt</span> 
     </span>
     <span class='ocr_line' id='line_1_34' title="bbox 518 3114 2393 3199; baseline -0.001 -22"><span class='ocrx_word' id='word_1_286' title='bbox 518 3134 673 3199; x_wconf 86' lang='lat' dir='ltr'>quae</span> <span class='ocrx_word' id='word_1_287' title='bbox 691 3116 1035 3198; x_wconf 81' lang='lat' dir='ltr'>pendebant</span> <span class='ocrx_word' id='word_1_288' title='bbox 1055 3138 1088 3180; x_wconf 92' lang='lat' dir='ltr'>e</span> <span class='ocrx_word' id='word_1_289' title='bbox 1109 3116 1389 3181; x_wconf 87' lang='lat' dir='ltr'>dentibus</span> <span class='ocrx_word' id='word_1_290' title='bbox 1408 3164 1426 3187; x_wconf 83' lang='lat'><strong><em>‚</em></strong></span> <span class='ocrx_word' id='word_1_291' title='bbox 1467 3114 1901 3198; x_wconf 77' lang='lat' dir='ltr'>thebaycasque</span> <span class='ocrx_word' id='word_1_292' title='bbox 1932 3118 2003 3181; x_wconf 85' lang='lat'>&amp;</span> <span class='ocrx_word' id='word_1_293' title='bbox 2020 3119 2277 3185; x_wconf 77' lang='lat' dir='ltr'>catiotas</span> <span class='ocrx_word' id='word_1_294' title='bbox 2308 3114 2393 3177; x_wconf 86' lang='lat' dir='ltr'>ad</span> 
     </span>
     <span class='ocr_line' id='line_1_35' title="bbox 408 3198 2390 3283; baseline -0.001 -22"><span class='ocrx_word' id='word_1_295' title='bbox 408 3200 498 3277; x_wconf 79' lang='lat'>35</span> <span class='ocrx_word' id='word_1_296' title='bbox 519 3216 834 3263; x_wconf 85' lang='lat' dir='ltr'>numerum</span> <span class='ocrx_word' id='word_1_297' title='bbox 851 3198 1102 3265; x_wconf 88' lang='lat' dir='ltr'>diuisere</span> <span class='ocrx_word' id='word_1_298' title='bbox 1117 3199 1489 3263; x_wconf 85' lang='lat' dir='ltr'>cenantibus.</span> <span class='ocrx_word' id='word_1_299' title='bbox 1546 3198 1789 3261; x_wconf 86' lang='lat' dir='ltr'>Interim</span> <span class='ocrx_word' id='word_1_300' title='bbox 1820 3217 1951 3281; x_wconf 75' lang='lat' dir='ltr'>,ego</span> <span class='ocrx_word' id='word_1_301' title='bbox 1966 3202 2067 3282; x_wconf 88' lang='lat' dir='ltr'>qui</span> <span class='ocrx_word' id='word_1_302' title='bbox 2086 3200 2390 3283; x_wconf 81' lang='lat' dir='ltr'>priuatum</span> 
     </span>
     <span class='ocr_line' id='line_1_36' title="bbox 513 3278 2391 3359; baseline -0.002 -16"><span class='ocrx_word' id='word_1_303' title='bbox 513 3278 812 3344; x_wconf 80' lang='lat' dir='ltr'>habebam</span> <span class='ocrx_word' id='word_1_304' title='bbox 847 3282 1121 3345; x_wconf 83' lang='lat' dir='ltr'>secessum</span> <span class='ocrx_word' id='word_1_305' title='bbox 1159 3282 1219 3344; x_wconf 86' lang='lat' dir='ltr'>in</span> <span class='ocrx_word' id='word_1_306' title='bbox 1258 3281 1473 3343; x_wconf 80' lang='lat' dir='ltr'>multas</span> <span class='ocrx_word' id='word_1_307' title='bbox 1506 3281 1905 3359; x_wconf 78' lang='lat' dir='ltr'>cogitationes</span> <span class='ocrx_word' id='word_1_308' title='bbox 1938 3280 2220 3347; x_wconf 70' lang='lat' dir='ltr'>diductus</span> <span class='ocrx_word' id='word_1_309' title='bbox 2240 3278 2391 3341; x_wconf 90' lang='lat' dir='ltr'>sum.</span> 
     </span>
    </p>
   </div>
   <div class='ocr_carea' id='block_1_2' title="bbox 509 3360 2525 3449">
    <p class='ocr_par' dir='ltr' id='par_1_2' title="bbox 509 3360 2525 3449">
     <span class='ocr_line' id='line_1_37' title="bbox 509 3360 2525 3449; baseline -0 -24"><span class='ocrx_word' id='word_1_310' title='bbox 509 3380 696 3446; x_wconf 78' lang='lat' dir='ltr'>quare</span> <span class='ocrx_word' id='word_1_311' title='bbox 711 3380 856 3446; x_wconf 79' lang='lat' dir='ltr'>aper</span> <span class='ocrx_word' id='word_1_312' title='bbox 871 3363 1142 3448; x_wconf 82' lang='lat' dir='ltr'>pilleatus</span> <span class='ocrx_word' id='word_1_313' title='bbox 1157 3360 1437 3426; x_wconf 75' lang='lat' dir='ltr'>intrasset.</span> <span class='ocrx_word' id='word_1_314' title='bbox 1470 3360 1777 3446; x_wconf 85' lang='lat' dir='ltr'>postquam</span> <span class='ocrx_word' id='word_1_315' title='bbox 1812 3366 2017 3449; x_wconf 75' lang='lat' dir='ltr'>itaque</span> <span class='ocrx_word' id='word_1_316' title='bbox 2048 3365 2249 3430; x_wconf 85' lang='lat' dir='ltr'>omnis</span> <span class='ocrx_word' id='word_1_317' title='bbox 2290 3362 2391 3425; x_wconf 85' lang='lat' dir='ltr'>ba-</span> <span class='ocrx_word' id='word_1_318' title='bbox 2517 3371 2525 3379; x_wconf 89' lang='lat'>&#39;</span> 
     </span>
    </p>
   </div>
   <div class='ocr_carea' id='block_1_3' title="bbox 391 3444 2394 3778">
    <p class='ocr_par' dir='ltr' id='par_1_3' title="bbox 391 3444 2394 3778">
     <span class='ocr_line' id='line_1_38' title="bbox 509 3444 2390 3541; baseline -0.001 -33"><span class='ocrx_word' id='word_1_319' title='bbox 509 3444 754 3509; x_wconf 82' lang='lat' dir='ltr'>calufias</span> <span class='ocrx_word' id='word_1_320' title='bbox 769 3444 1100 3530; x_wconf 74' lang='lat' dir='ltr'>consumpsi</span> <span class='ocrx_word' id='word_1_321' title='bbox 1140 3445 1351 3509; x_wconf 83' lang='lat' dir='ltr'>durani</span> <span class='ocrx_word' id='word_1_322' title='bbox 1382 3446 1755 3541; x_wconf 72' lang='lat' dir='ltr'>interrogate</span> <span class='ocrx_word' id='word_1_323' title='bbox 1789 3448 1957 3511; x_wconf 89' lang='lat' dir='ltr'>illum</span> <span class='ocrx_word' id='word_1_324' title='bbox 1994 3450 2390 3531; x_wconf 85' lang='lat' dir='ltr'>interpretem</span> 
     </span>
     <span class='ocr_line' id='line_1_39' title="bbox 509 3525 2393 3625; baseline -0.002 -34"><span class='ocrx_word' id='word_1_325' title='bbox 509 3530 1005 3624; x_wconf 74' lang='lat' dir='ltr'>meum,quidme</span> <span class='ocrx_word' id='word_1_326' title='bbox 1019 3542 1347 3613; x_wconf 86' lang='lat' dir='ltr'>torqueret.</span> <span class='ocrx_word' id='word_1_327' title='bbox 1406 3546 1469 3625; x_wconf 74' lang='lat' dir='ltr'>at</span> <span class='ocrx_word' id='word_1_328' title='bbox 1502 3530 1603 3593; x_wconf 78' lang='lat' dir='ltr'>ille</span> <span class='ocrx_word' id='word_1_329' title='bbox 1632 3529 1813 3625; x_wconf 84' lang='lat' dir='ltr'>plane</span> <span class='ocrx_word' id='word_1_330' title='bbox 1844 3532 2029 3598; x_wconf 85' lang='lat' dir='ltr'>etiam</span> <span class='ocrx_word' id='word_1_331' title='bbox 2044 3532 2165 3593; x_wconf 87' lang='lat' dir='ltr'>hoc</span> <span class='ocrx_word' id='word_1_332' title='bbox 2186 3525 2393 3591; x_wconf 82' lang='lat' dir='ltr'>seruus</span> 
     </span>
     <span class='ocr_line' id='line_1_40' title="bbox 391 3612 2394 3778; baseline -0.001 -20"><span class='ocrx_word' id='word_1_333' title='bbox 391 3622 492 3698; x_wconf 78' lang='lat'>⁴⁰</span> <span class='ocrx_word' id='word_1_334' title='bbox 511 3612 2394 3778; x_wconf 49' lang='lat' dir='ltr'>ffisszzffiz‘’dastaeufflss‘:‘3333531323032‘22233235;</span> 
     </span>
    </p>
   </div>
   <div class='ocr_carea' id='block_1_4' title="bbox 369 3777 2384 3925">
    <p class='ocr_par' dir='ltr' id='par_1_4' title="bbox 369 3777 2384 3925">
     <span class='ocr_line' id='line_1_41' title="bbox 369 3777 2384 3925; baseline -0.008 -72"><span class='ocrx_word' id='word_1_335' title='bbox 369 3862 378 3877; x_wconf 34' lang='lat'><strong><em>³</em></strong></span> <span class='ocrx_word' id='word_1_336' title='bbox 511 3778 796 3851; x_wconf 69' lang='lat' dir='ltr'>dimiflus.</span> <span class='ocrx_word' id='word_1_337' title='bbox 857 3783 1066 3870; x_wconf 83' lang='lat' dir='ltr'>Itaque</span> <span class='ocrx_word' id='word_1_338' title='bbox 1099 3780 1282 3847; x_wconf 87' lang='lat' dir='ltr'>hodie</span> <span class='ocrx_word' id='word_1_339' title='bbox 1315 3794 1623 3865; x_wconf 77' lang='lat' dir='ltr'>tamquam</span> <span class='ocrx_word' id='word_1_340' title='bbox 1658 3777 1901 3847; x_wconf 86' lang='lat' dir='ltr'>libertus</span> <span class='ocrx_word' id='word_1_341' title='bbox 1934 3781 1995 3871; x_wconf 81' lang='lat' dir='ltr'>in</span> <span class='ocrx_word' id='word_1_342' title='bbox 2026 3778 2384 3925; x_wconf 47' lang='lat' dir='ltr'>conutitezli&#39;tgttn</span> 
     </span>
    </p>
   </div>
  </div>
 </body>
</html>
