2634 4509
652 232 1665 305 apotoctit
2068 247 2161 327 ις

167 347 572 431 superiorum:
607 361 673 410 ut
709 346 802 407 vel
832 348 950 407 hoc
982 344 1112 430 ipso
1145 346 1387 410 nomine
1422 359 1707 429 acceptos
1738 343 1901 431 vulgi
1944 344 2155 431 palato

167 432 432 495 Petronii
453 431 619 502 sales,
640 427 804 491 certe
824 429 1072 491 minime
1088 429 1391 512 neglectos
1409 429 1476 492 &
1495 426 1663 492 famae
1680 429 2021 512 incognitos
2037 428 2154 492 eff·

169 531 496 609 oporteret.
551 514 870 656 ςὲοωοᾲῥ
887 514 1136 607 minime
1155 510 1543 611 ignota-fuisse
1557 512 1779 575 constat
1814 516 1953 609 dida
1973 514 2159 607 saffa-

167 592 1825 763 {¹5:233}'liza032‘3531{3322311253522112‘2‘532255‘
1810 610 2156 743 ms&

169 764 416 841 dignum
435 762 636 825 abillo
657 760 928 844 scriptum
951 759 1218 843 putasset.
1255 760 1424 823 Nam
1440 760 1758 825 codicillos
1794 764 1890 845 qui
1912 760 2157 823 Neroni

172 842 326 907 miffi
349 844 550 905 abillo
567 862 752 907 morti
819 844 1059 907 roximo
1078 842 1208 906 sunt
1243 844 1350 923 (ut
1378 844 1542 905 idem
1578 846 1808 925 tradit)
1838 842 2150 927 obfignati,

171 926 483 989 verisimile
497 928 576 989 est
610 943 710 987 aut
747 864 1071 1008 sfippreffos
1087 928 1377 989 continuo
1398 924 1559 989 fuiffe
1573 929 1609 989 a
1631 925 1905 1011 Principe
1924 974 1943 1002 ,
1978 943 2046 989 ut
2062 922 2157 988 fa-

171 1012 399 1074 ciendis
418 1007 732 1071 sceleribus
752 1028 1042 1092 prompto
1061 1056 1080 1084 ,
1116 1007 1200 1071 ita
1219 1008 1497 1072 audiendi
1518 1027 1589 1073 ea
1666 1028 1751 1072 uae
1766 1006 2159 1073 feceratinso-

169 1093 365 1167 lente3
405 1108 504 1153 aut
521 1090 562 1155 fi
593 1108 740 1155 mox
761 1093 1057 1175 prodiere,
1084 1094 1391 1156 materiam
1411 1092 1611 1176 potitis
1654 1091 2003 1156 ermonibns
2020 1110 2159 1175 gar-

175 1174 469 1239 rientis‘in
505 1174 738 1237 circulis
765 1174 918 1257 vulgi
955 1178 1135 1257 quam
1157 1172 1316 1239 seriis
1333 1174 1709 1239 scribentium
1729 1172 2161 1239 lucubrationi-

172 1257 282 1320 bus
299 1254 620 1341 praebuisse.
657 1254 785 1331 Qui
803 1276 1002 1320 autem
1019 1256 1244 1321 factum
1261 1256 1340 1319 est
1363 1305 1379 1331 ,
1419 1272 1488 1320 ut
1526 1256 1837 1321 Petronius
1852 1258 1947 1321 hic
1964 1254 2159 1319 noster

173 1360 302 1407 aevo
321 1338 619 1421 superiore
641 1386 658 1414 ,
681 1356 746 1401 ut
763 1338 978 1403 videtis
1001 1386 1018 1413 ,
1055 1338 1345 1403 obscurus
1364 1340 1686 1424 &ignotus
1704 1387 1721 1414 ,
1756 1340 1891 1404 viris
1910 1338 2161 1403 eruditis

174 1425 275 1509 qui
294 1423 597 1505 aliquanto
619 1420 795 1485 seritis
833 1420 1085 1485 floruere
1121 1420 1454 1487 notiffimus
1469 1422 1648 1499 esset,
1685 1423 1830 1488 &in
1850 1422 2155 1508 praecipuis

173 1508 320 1570 redii
357 1506 424 1568 δε
457 1503 752 1568 emendati
771 1502 1055 1568 sermonis
1089 1504 1427 1571 austoribus
1467 1506 1843 1576 laudaretur.
1886 1506 2161 1589 interque

171 1590 304 1654 illos
323 1588 423 1669 qui
458 1585 744 1651 familiam
781 1590 840 1651 in
881 1590 1000 1649 hoc
1015 1606 1230 1685 genere
1245 1590 1473 1651 ducunt
1491 1588 1892 1652 recenseretur
1914 1587 2165 1652 Priscia-

172 1691 274 1746 no,
300 1670 613 1745 Diomedi,
633 1668 984 1746 Vistorin03
1022 1670 1124 1755 ipsi
1141 1670 1278 1755 quin
1294 1671 1481 1734 etiam
1502 1671 1586 1736 D.
1608 1670 1993 1753 Hieronymo
2010 1669 2164 1733 tanti

171 1755 258 1829 fit,
276 1773 342 1816 ut
361 1771 437 1815 ne
455 1768 583 1815 tum
603 1754 846 1837 quidem
883 1754 1023 1817 cum
1060 1754 1138 1819 ad
1179 1754 1485 1817 soeminam
1530 1754 1596 1817 δι
1616 1754 1918 1839 Virginem
1938 1752 2164 1817 scribe·

171 1854 264 1901 ret
317 1838 634 1921 quicquam
681 1834 1086 1900 offenderetur
1137 1856 1202 1899 ar
1245 1838 1472 1899 umenti
1510 1836 1898 1902 obscoenitate
1939 1882 1959 1912 ,
2018 1835 2161 1918 quin

171 1920 300 1999 ejus
317 1935 539 1982 nomen
563 1966 582 1993 ,
619 1917 854 2002 eiusque
869 1920 1182 1985 sententias
1227 1940 1308 1982 uo
1326 1920 1457 1983 stilo
1491 1918 1848 2004 usurpandas
1880 1932 2161 2005 putaret,

172 2006 445 2087 interque
471 2001 567 2064 illa
607 2001 801 2063 severa
839 2002 1120 2067 castitatis
1152 2022 1443 2087 praecepta
1474 2002 1798 2067 insereret?
1836 2003 2001 2089 quod
2042 1998 2163 2064 sm·

171 2086 364 2149 dubio
385 2085 622 2148 summae
637 2084 940 2163 cujusdam
980 2086 1304 2168 scriptoris
1324 2086 1695 2150 auetoritatis
1717 2134 1736 2161 ,
1776 2086 1844 2148 δε
1863 2085 2033 2171 supra
2048 2078 2166 2149 sue

173 2170 435 2232 materiae
454 2168 731 2231 invidiam
749 2166 948 2251 positae
971 2217 986 2243 ,
1015 2169 1302 2233 indicium
1322 2169 1424 2231 est.
1461 2170 1561 2267 qui
1596 2170 1763 2232 certe
1798 2167 2083 2253 splendor
2098 2166 2164 2233 in

169 2252 303 2334 ipso
325 2252 403 2313 sui
440 2248 610 2312 sonte
643 2268 824 2334 atque
860 2253 1094 2335 origine
1109 2268 1236 2316 tam
1254 2254 1451 2316 tenuis
1470 2300 1487 2323 ,
1532 2269 1599 2313 nt
1618 2253 1893 2337 nuliiuam
1913 2267 2167 2335 appare·

173 2352 301 2407 ret,
337 2332 446 2395 esse
464 2334 710 2397 omnino
746 2354 866 2396 non
885 2336 1104 2415 potuit.
1169 2334 1300 2400 Nisi
1338 2334 1502 2397 forte
1536 2336 1724 2419 Giges
1762 2334 1863 2399 ille
1893 2352 2033 2395 cum
2055 2330 2165 2393 suo

173 2415 450 2479 fabuloso
465 2416 645 2479 anulo
663 2417 866 2501 praesto
885 2417 1040 2491 fuit,
1080 2420 1181 2503 qui
1213 2437 1366 2499 opus
1402 2416 1549 2480 illud
1592 2418 1705 2482 suis
1742 2415 2057 2501 aequalibus
2094 2413 2167 2479 δε

171 2501 463 2584 proxima
489 2499 812 2585 posteritati
844 2500 1127 2585 tantisper
1159 2500 1425 2564 occuluit
1461 2548 1483 2576 ,
1536 2516 1639 2565 aut
1672 2500 2029 2565 Maroniana
2060 2497 2167 2563 ina

173 2602 296 2669 quae
314 2602 464 2645 mox
857 2586 1148 2665 circmnfiefiu
1163 2588 1360 2662 repent)

399 2668 588 2726 scindit
597 2672 649 2745 [ξ
666 2668 836 2736 nubes,
857 2667 925 2739 ό·
942 2671 998 2729 in
1017 2669 1193 2728 athera
1203 2683 1389 2747 purgat
1416 2664 1686 2747 aep‘ermm3

175 2766 253 2811 ex
269 2766 474 2831 eaque,
497 2766 802 2832 tamquam
824 2768 900 2811 ex
919 2751 1192 2814 machina
1212 2747 1451 2813 emerfit

167 2864 174 2871 ·
653 2836 889 2913 claraque
906 2836 963 2894 in
983 2837 1090 2893 luce
1099 2833 1290 2913 refidst't

175 2912 359 2977 Titus
386 2912 694 2976 Petronius
719 2914 980 2987 Arbiter,
1001 2935 1123 2978 non
1141 2916 1238 2978 ille
1251 2931 1394 2978 cum
1412 2912 1649 2998 exiguis
1665 2908 1962 2977 codicillis
1981 2958 2001 2986 ,
2024 2906 2170 2975 Ne-

178 2998 558 3059 ronianarum
583 2997 844 3060 noaium
875 2998 1174 3061 indicibus
1199 3044 1216 3071 ,
1251 3016 1407 3079 quos
1426 2994 1681 3061 Tacitus
1710 3012 2168 3059 commemora-

177 3079 264 3139 vit
285 3101 306 3153 3
349 3078 446 3139 sed
468 3080 764 3143 sexdecim
790 3081 1036 3165 ampliiis
1055 3079 1459 3144 voluminibus
1494 3078 1777 3159 Satyrico
1798 3075 1913 3141 sale
1932 3076 2171 3141 refertis

177 3158 416 3222 onustus
435 3179 451 3223 ε
468 3183 592 3243 qua·
612 3163 800 3225 statim
819 3180 1067 3249 excepta
1080 3183 1219 3226 cum
1241 3162 1625 3244 plausu,&.ad
1645 3160 1953 3245 exemplar
1967 3160 2170 3224 omnis

175 3242 476 3325 elegantia
511 3247 811 3329 proposita
848 3248 995 3312 sunt.
1101 3248 1178 3309 At
1221 3246 1280 3309 ui
1317 3246 1437 3309 hoc
1476 3260 1841 3308 automaton
1871 3244 2044 3328 plane
2076 3242 2173 3307 fa-

178 3324 340 3389 ctum
361 3346 532 3407 negat
549 3328 757 3391 auctor
793 3332 1176 3415 perantiquus
1251 3331 1471 3393 utatius
1493 3328 1771 3391 Placidus
1792 3375 1811 3402 ,
1848 3329 1947 3411 qui
1968 3326 2173 3389 Statio

179 3408 422 3491 Papirio
463 3410 567 3471 suo
585 3409 976 3491 posteriorem
1001 3418 1154 3477 hunc
1177 3411 1525 3475 Petronium
1548 3408 1724 3485 facit,
1767 3428 1947 3495 quem
1982 3410 2171 3475 etiam

171 3494 208 3554 ὲ
231 3490 335 3552 suo
359 3490 546 3553 Poc'ta
567 3491 878 3574 profecisse
894 3493 1169 3573 affirmat,
1192 3496 1334 3557 etim
1354 3495 1529 3567 dixit,

465 3579 668 3635 Primae
687 3579 743 3635 in
762 3576 875 3636 orbe
895 3580 1156 3657 Deosfecit
1172 3581 1345 3637 timor.
1523 3644 1529 3651 .

180 3674 291 3719 nec
327 3659 473 3720 verb
513 3654 902 3740 spernendum
925 3658 1049 3721 ullo
1069 3660 1247 3743 pacto
1283 3658 1519 3719 videtur
1538 3654 1939 3722 testimonium
1967 3656 2026 3719 in
2058 3656 2171 3717 hac

183 3758 249 3802 re
278 3736 600 3821 Scriptoris
638 3742 738 3823 qui
779 3758 1029 3824 propter
1046 3742 1457 3823 antiquitatem
1478 3738 1731 3823 plurima
1748 3742 1935 3805 aetatis
1956 3738 2174 3802 Petro-

181 3823 363 3887 nianae
396 3822 616 3889 indicia
646 3842 724 3889 ex
741 3824 868 3907 ejus
885 3823 1168 3909 operibus
1188 3868 1207 3901 ,
1229 3822 1349 3891 fine
1366 3820 1557 3888 dubio
1576 3838 1719 3889 tunc
1740 3824 1985 3909 integris
2003 3822 2175 3968 ,hde-

1917 3921 2023 3989 pre
2066 3922 2175 3968 en-
