2634 4509
730 304 973 403 “AD
1121 284 2135 403 LECTOREM·

429 460 538 509 rus
561 434 838 510 Arbiter
858 433 1074 513 noster
1099 434 1578 535 proscriptums
1601 491 1622 524 ,
1662 434 2015 535 quomodo
2048 436 2134 509 de
2165 461 2251 509 eo
2286 434 2399 509 Io·-

427 540 651 633 quitur
672 540 1000 615 Puteanus
1027 532 1187 605 loco
1210 533 1407 631 paulo
1428 534 1582 605 ante
1604 533 1887 632 allegat&
1915 590 1937 621 ,
1976 534 2389 618 inhonarum

425 638 665 705 artium
685 629 1076 729 professores
1101 686 1122 719 ,
1175 628 1472 731 ipsosque
1510 631 1680 714 adeo
1746 653 1997 710 arentes
2018 632 2109 706 ob
2132 658 2394 733 pravam

423 731 885 809 educationem
909 784 929 817 ,
957 735 1032 799 δε
1057 727 1537 811 institutionem
1556 734 1703 824 inve·
1753 733 1898 803 itur.
1945 738 2125 804 Mox
2144 756 2393 830 procu-

422 850 718 900 ratorum
737 826 1096 905 forenfium
1136 832 1212 907 ὃς
1246 827 1721 901 advocatorum
1759 829 2113 901 calumnias
2136 882 2157 917 ‚
2207 830 2392 902 Iudi-

421 952 576 999 cum
629 950 708 997 ue
752 925 1128 1022 injustitiam
1147 945 1349 997 taxat.
1396 930 1581 999 Tum
1617 931 1687 997 in
1726 923 2139 999 ficerdotum
2176 927 2391 1001 infan-

419 1023 600 1094 dasli
653 1024 858 1095 idines
895 1043 1094 1121 atque
1133 1021 1510 1122 hypocrism
1554 1026 1849 1097 invenitus
1875 1078 1896 1112 ,
1934 1022 2279 1097 transitum
2300 1025 2419 1097 ad·

294 1166 304 1172 -
419 1120 647 1193 luxum
688 1125 1144 1195 conviviorum
1189 1119 1352 1193 facit
1393 1176 1416 1210 ‚
1534 1148 1685 1195 uem
1720 1119 1836 1193 sub
1875 1121 2391 1195 Trimalchionis

419 1223 694 1296 nomine
713 1245 789 1291 ac
807 1219 1074 1293 lautitiis
1094 1218 1354 1319 prolixe
1380 1148 1653 1317 perarin
1705 1224 1966 1293 it.Hinc
1985 1218 2073 1291 de
2089 1217 2391 1294 stelerata

409 1316 934 1417 -paedagogorum
955 1323 1246 1418 nequitia
1263 1322 1342 1388 δε
1358 1314 1661 1417 philosop
1710 1342 1906 1400 orum
1922 1315 2252 1417 hypocrifi
2271 1344 2390 1417 pa-

419 1436 634 1487 rentes
653 1438 850 1515 atque
866 1422 1118 1493 amicos
1153 1411 1320 1499 serio
1341 1436 1613 1497 monet:
1654 1411 1909 1489 accusat
1929 1414 2341 1497 literatorum
2367 1471 2389 1506 ‚

419 1518 498 1584 &
516 1512 845 1584 artificum
866 1511 1676 1609 socordiamtreprehendit
1696 1510 2105 1609 publicarum
2124 1513 2389 1595 balnea.

417 1636 567 1682 rum
587 1610 1084 1709 turpitudinem.
1108 1607 1551 1681 Postmodum
1574 1613 1963 1691 maritorum
1984 1618 2059 1697 ὃς
2083 1618 2387 1713 negotia-

421 1728 648 1783 torum
685 1706 1102 1807 quorundam
1139 1704 1270 1781 five
1307 1704 1647 1792 fortunam
1664 1763 1684 1790 ‚
1734 1706 1864 1793 sive
1883 1713 2219 1807 ingenium
2238 1733 2387 1784 tan-

417 1830 578 1905 gens
606 1862 626 1895 ,
666 1808 980 1879 acerrime
1019 1810 1086 1878 in
1103 1806 1441 1899 levitatem
1480 1802 1871 1891 feminarum
1888 1809 2343 1891 animadvertit
2366 1865 2389 1899 ,

420 1909 622 2002 quam
641 1902 836 1977 facile
855 1906 1185 1993 adament,
1207 1910 1284 1985 δε
1305 1910 1685 2005 peregrinos
1758 1904 1977 1978 uidem
1990 1908 2263 2005 juvenes
2283 1907 2387 1979 ul·-

415 2023 528 2079 tro
547 2000 858 2074 ambiant.
899 2007 1118 2076 Porro
1137 2008 1203 2074 in
1229 2002 1613 2101 imposturas
1634 1932 1989 2079 acci'raudes
2006 2006 2276 2079 exulum
2308 2012 2387 2087 &5

416 2099 630 2173 natale
648 2097 857 2173 solum
877 2106 1276 2178 vertentium
1295 2156 1315 2189 ,
1338 2098 1576 2200 quibils
1596 2098 1883 2199 hospites
1902 2101 2053 2176 suos
2076 2109 2149 2175 &
2172 2103 2389 2177 credi..

415 2221 597 2270 tores
605 2196 786 2286 ,dum
805 2200 1060 2298 amplos
1079 2197 1233 2276 alibi
1254 2196 1483 2271 census
1496 2202 1801 2298 jactitant
1822 2198 2391 2291 circumscribunt,

413 2296 654 2394 stylum
673 2303 955 2371 exacuit.
1006 2296 1329 2370 Insaniam
1356 2296 1441 2368 de
1490 2315 1641 2471 Ἠξε
1660 2296 2045 2371 testatorum
2066 2305 2141 2371 δε
2162 2323 2389 2398 capta-.-
2450 2330 2498 2370 ι

1519 2423 1537 2467 ¹
1576 2468 1587 2484 o

413 2416 640 2467 torum
660 2394 916 2467 nefariis
952 2391 1482 2479 conditionibus.
1591 2400 1612 2466 i
1640 2398 1923 2482 invicem
1944 2396 2384 2479 insidiantium

415 2514 628 2573 notat.
653 2496 741 2564 Et
761 2494 905 2566 haec
923 2498 1184 2565 tantum
1203 2494 1449 2593 reliqua
1464 2492 1613 2567 sunt
1635 2494 1827 2592 hujus
1850 2498 2131 2593 Satyrici
2150 2501 2385 2595 capita:

417 2612 652 2663 caetera
686 2592 918 2690 injuria
941 2611 1319 2689 temporum
1360 2592 1555 2665 nobis
1575 2593 1830 2667 invidit.
1882 2593 2155 2694 Hicque
2192 2595 2383 2695 quod

413 2692 798 2786 interpretes
817 2711 1096 2783 monent
1133 2688 1492 2764 meminisse
1500 2689 1802 2790 juvabit3
1840 2692 2043 2791 Epist.
2064 2693 2148 2764 ad
2170 2699 2383 2773 Rom.

415 2810 634 2883 cap.1‚
657 2792 734 2857 &
762 2815 792 2857 1
855 2842 874 2874 ‚
893 2810 1039 2863 tum
1057 2786 1139 2865 ad
1163 2788 1375 2864 Galat.
1405 2808 1471 2884 5,
1501 2817 1532 2861 1
1560 2789 1645 2862 ad
1662 2790 1825 2863 Cor.
1851 2798 1920 2879 6,
1941 2789 2183 2890 quibus,
2205 2792 2380 2867 locis

412 2883 773 2983 Apostolus
791 2812 875 2959 cie
895 2886 1155 2985 flagitiis
1177 2893 1469 2963 Roman.
1492 2894 1568 2969 ὃς
1590 2896 1985 2975 Graecorum
2004 2893 2139 2987 agit
2164 2944 2184 2977 ,
2232 2913 2379 2970 non

411 2982 646 3061 melius
665 2987 864 3084 quam
884 2986 1176 3084 perlefiin
1195 2986 1330 3059 hoc
1352 2987 1655 3085 Satyrico
1676 2988 1955 3085 intelligi
1974 2984 2176 3083 poffe.

511 3081 810 3180 Superest
829 3139 852 3170 ,
877 3100 882 3107 “
903 3104 976 3156 ut
1015 3089 1147 3178 quid
1180 3090 1240 3155 in
1275 3088 1379 3157 hac
1412 3088 1639 3157 editione
1667 3086 1954 3181 praestitum
1996 3080 2379 3166 edisseram:

414 3178 761 3275 Satyricon.
780 3181 1006 3259 damus
1025 3204 1212 3265 vetus
1232 3238 1254 3269 ,
1301 3187 1381 3253 &
1402 3179 1591 3252 fimul
1628 3179 2072 3278 fragmentum
2104 3180 2189 3253 de
2212 3183 2273 3254 C
2280 3208 2381 3253 oe-

410 3301 497 3347 na
515 3277 1023 3350 Trimalchionis
1061 3275 1491 3376 Traguriense
1510 3278 1817 3376 peculiari
1852 3276 2218 3365 charastere
2252 3278 2379 3363 suis

397 3372 581 3454 'locis
621 3377 658 3445 a
680 3401 745 3473 p.
769 3402 808 3458 7
811 3401 854 3544 k}
883 3430 906 3461 ‚
944 3372 1144 3473 usque
1162 3378 1306 3467 298
1334 3373 1641 3447 insertum
1674 3418 1700 3463 ·‚
1751 3378 1941 3472 juxta
1978 3380 2187 3451 MSm
2228 3383 2375 3455 Ro..

409 3497 676 3545 manum
721 3527 742 3559 ‚
841 3474 981 3545 aaa
1051 3498 1208 3559 eum
1270 3478 1582 3555 Patavina
1629 3473 1925 3561 editione
1980 3474 2334 3561 collatione
2356 3530 2383 3565 ‚

407 3568 782 3668 impressum
805 3625 826 3657 ‚
877 3595 1014 3669 quo
1036 3570 1118 3651 de
1155 3569 1296 3643 fuse
1318 3596 1447 3670 ago
1468 3596 1532 3669 p.
1580 3598 1695 3680 ⁷3·
1738 3578 1815 3644 δε
1850 3571 2028 3673 seqq.
2077 3580 2377 3661 Textum

407 3690 538 3740 vet.
591 3670 876 3765 Satyrici
899 3723 922 3757 ,
973 3668 1495 3749 Gabbemianam
1550 3670 1578 3764 (
1602 3674 1707 3742 ieu
1748 3674 2087 3769 Goulalii)
2132 3673 2376 3751 editio,-

405 3790 562 3853 nem
592 3762 833 3857 secuti,
893 3765 1062 3855 locis
1096 3767 1435 3875 paululum
1472 3768 1951 3856 difficilioribus,
1992 3772 2209 3873 qualia
2256 3770 2375 3851 ali-,-

1807 3899 1815 3905 ·
2201 3889 2376 3970 quot

2585 2760 2634 2801 ο.
