2634 4509
579 302 932 367 admonitus
949 296 1158 365 officio
1173 300 1521 367 trimalchio
1552 300 1843 384 stylacem
1860 302 2021 369 iuflit
2036 306 2253 373 adduci
2272 308 2459 393 prefi-

580 387 752 449 dium
789 387 1010 453 domur
1041 383 1377 467 familieque
1410 404 1521 451 nec
1540 404 1718 449 mora
1752 386 2003 471 ingentis
2024 389 2227 456 forme
2254 394 2459 455 addu-

523 475 528 481 '
585 470 715 533 Cius
749 470 828 533 est
847 470 1018 533 canis
1051 484 1256 531 catena
1281 466 1509 533 uinctus
1538 469 1994 553 admonitusque
2012 472 2227 539 ostiarii
2244 478 2455 551 calce,

581 568 649 615 ut
665 552 910 617 cubaret
925 566 1060 613 ante
1075 549 1339 615 mensam
1357 550 1413 615 se
1429 550 1627 635 posuit
1657 569 1676 615 ε
1717 568 1847 616 tum
1867 556 2215 621 trimalchio
2230 557 2455 623 iactans

517 656 558 724 ς
583 636 906 699 candidum
949 650 1200 716 panem,
1237 651 1423 697 nemo
1456 634 1644 717 inquit
1678 635 1737 698 in
1768 637 1965 699 domo
2000 656 2139 703 mea
2176 659 2278 705 me
2312 642 2453 723 plus

581 734 768 783 amat.
807 716 1146 799 indignatus
1179 734 1327 798 puer
1338 716 1509 799 quod
1528 717 1823 797 scylacem
1844 735 1967 781 tam
1985 718 2157 785 effuse
2176 722 2450 787 laudaret

577 801 842 865 catillam
861 801 922 863 in
941 816 1165 861 terram
1197 799 1467 881 deposuit
1485 799 1867 882 hortatusque
1908 820 1974 863 ut
1992 805 2071 867 ad
2092 807 2285 867 rixam
2306 824 2453 887 pro-

577 898 831 968 peraret.
871 880 1072 961 scylax
1091 882 1310 945 canino
1346 881 1567 947 scilicet
1586 883 1717 945 usus
1750 886 1991 965 ingenio
2026 888 2343 951 teterrimo
2363 892 2449 951 la-

577 982 734 1029 tratu
767 965 1088 1029 triclinium
1107 964 1391 1047 impleuit.
1424 966 1929 1048 margaritamque
1944 968 2087 1033 crefi
2120 987 2271 1052 pene
2288 970 2447 1033 lace-

469 1070 558 1116 ιο·
578 1050 752 1122 rauit,
769 1066 878 1113 nec
891 1048 1042 1111 intra
1059 1048 1254 1109 rixam
1270 1046 1563 1111 tumultus
1578 1048 1860 1111 constitit.
1892 1050 1991 1113 sed
2012 1054 2443 1117 candelabrum

573 1135 758 1195 etiam
792 1130 960 1214 supra
999 1129 1260 1193 mensam
1276 1127 1543 1193 euersum
1574 1176 1591 1203 ‚
1632 1130 1700 1193 δε
1718 1130 1854 1195 uasa
1890 1135 2093 1199 omnia
2127 1135 2445 1200 cristallina

569 1212 954 1279 comminuin·
979 1212 1045 1293 δε
1063 1211 1206 1275 oleo
1221 1210 1473 1275 feruenti
1490 1213 1722 1296 aliquot
1735 1214 2145 1279 conuiuas-res
2130 1218 2315 1301 pexit.
2332 1220 2445 1281 tri·

570 1298 836 1365 malchio
853 1314 928 1357 ne
945 1295 1251 1359 uideretur
1263 1295 1481 1359 iac-lura
1499 1312 1702 1359 motus
1723 1342 1740 1369 ,
1780 1294 2019 1361 bafiauit
2036 1317 2285 1384 puerum
2304 1346 2322 1374 ,
2365 1319 2442 1364 ac

568 1378 728 1445 iuffit
762 1378 934 1463 supra
965 1374 1212 1441 dorsum
1247 1374 1564 1443 ascendere
1598 1376 1788 1443 suunt.
1832 1398 1954 1441 non
1990 1400 2265 1447 moratus
2300 1382 2442 1458 ille,

468 1480 554 1548 ις
575 1462 708 1527 usus
723 1480 884 1545 equo
921 1478 1220 1542 manuque
1239 1460 1411 1543 plena
1444 1457 1703 1543 scapulas
1718 1463 1843 1525 eius
1878 1461 2125 1527 subinde
2156 1463 2447 1528 uerbera-

481 1626 486 1631 ,
574 1548 685 1609 uit.
721 1546 878 1608 inter
889 1562 1066 1625 quam
1086 1541 1260 1607 risum
1281 1542 1669 1625 preclamauit
1685 1542 1875 1607 bucca
1894 1545 2084 1611 bucca
2104 1594 2120 1621 ‚
2142 1564 2292 1631 quot
2308 1544 2443 1611 sunt

571 1629 692 1692 hic.
730 1625 1012 1708 repr-effus
1039 1644 1190 1708 ergo
1205 1626 1544 1709 aliquandiu
1564 1626 1904 1693 trimalchio
1930 1631 2247 1695 camellam
2264 1650 2445 1713 gran-

570 1714 714 1775 dem
731 1706 894 1773 iuffir
909 1706 1140 1773 miffieri
1175 1708 1658 1791 potioneadiuidi
1680 1708 1959 1775 omnibus
1978 1709 2195 1787 sernia,
2238 1715 2440 1797 quiad

647 1796 757 1857 des
793 1790 1114 1866 sedebant,
1155 1790 1387 1855 adiecta
1428 1794 1803 1874 exceptione.
1856 1794 1899 1857 fi
1932 1796 2065 1879 quis
2097 1798 2289 1879 inquit
2324 1816 2443 1859 no-

267 1954 296 2002 *
339 1954 356 2000 ι
462 1890 559 1941 20
591 1880 746 1941 uerit
779 1875 1056 2023 ait-:cipere
1089 1890 1273 1957 caput
1307 1874 1389 1939 illi
1426 1872 1716 1957 perfunde
1751 1876 2009 1942 interdiu
2044 1878 2241 1943 seuera
2282 1898 2441 1943 nunc

312 1968 337 2001 ⁸
360 1967 518 2025 :⁰⁰⁰⁶
568 1957 774 2025 hilaria
845 2000 864 2021 .
1285 1962 1288 1967 '
1653 2005 1658 2010 -
2414 1958 2434 1969 “

266 2015 404 2065 ‘¹²¹¹‘
645 2038 824 2106 Hanc
841 2040 1268 2105 humanitatem
1287 2038 1544 2106 insecute
1562 2038 1691 2103 sunt
1710 2054 2236 2127 matteac,quarum
2254 2044 2441 2109 etiam

567 2124 910 2190 recordatio
927 2141 1030 2187 mc
1047 2122 1086 2187 li
1106 2142 1218 2204 qua
1231 2123 1312 2185 est
1330 2122 1558 2187 dicenti
1570 2122 1720 2185 fides
1738 2120 2008 2189 offendit.
2042 2126 2259 2208 singule
2274 2130 2439 2192 enim

564 2209 781 2293 galline
793 2205 982 2269 altiles
1000 2224 1116 2289 pro
1149 2208 1339 2269 turdis
1354 2207 1445 2269 cir
1472 2204 1733 2300 cumlate
1746 2206 1879 2269 sunt
1898 2254 1915 2283 ,
1955 2210 2021 2273 δε
2038 2227 2155 2275 oua
2173 2210 2442 2275 anserina

459 2324 545 2396 ἐ’
566 2288 2175 2459 {2323222122202211123225223{affluam
2198 2294 2439 2439 π’

566 2454 770 2519 ualuas
783 2454 926 2517 litor
939 2472 1050 2537 per
1069 2452 1246 2517 cuffit
1267 2498 1284 2527 ,
1324 2452 1609 2537 amcitusq
1618 2472 1687 2515 ue
1706 2456 1862 2517 ueste
1894 2456 2033 2520 alba
2052 2474 2191 2520 cum
2215 2459 2437 2539 ingenti

563 2536 890 2621 frequentia
907 2536 1323 2611 commiffitor,
1332 2537 1591 2601 intrauit.
1624 2556 1744 2619 ego
1762 2539 2059 2601 maiestate
2072 2542 2437 2603 conterritus

493 2694 500 2699 .
564 2638 866 2703 pretorem
888 2621 1172 2701 putabam
1195 2618 1407 2684 uenifle
1422 2664 1441 2693 ,
1458 2619 1661 2699 itaque
1676 2622 1897 2685 tentaui
1912 2622 2219 2705 aflurgere,
2240 2624 2306 2685 δι
2326 2644 2437 2685 nu-

457 2698 546 2801 3'0·
565 2702 682 2765 dos
697 2702 884 2786 pedes
898 2703 960 2764 in
977 2718 1200 2765 terram
1215 2701 1492 2787 deferre,
1516 2702 1636 2766 risit
1656 2704 1801 2765 hanc
1818 2706 2275 2788 trepidationem
2290 2726 2437 2787 aga·

563 2802 830 2861 menon3
861 2784 930 2849 δι
959 2786 1200 2848 contine
1239 2802 1302 2848 te
1334 2782 1526 2866 inquit
1545 2784 1737 2849 homo
1772 2786 2115 2851 stultiffimc.
2152 2786 2439 2851 habinnas

559 2868 717 2963 seuit
749 2868 874 3017 cstfg
915 2868 1198 2955 idemque
1211 2866 1535 2953 lapidarius
1564 2868 1665 2954 qui
1700 2868 2007 2933 uideretur
2042 2880 2433 2957 monumenta

565 2972 608 3015 o
651 2968 798 3015 time
873 2969 1032 3016 cere.

610 2974 968 3099 pRecreatus
1003 3037 1122 3097 hoc
1155 3032 1431 3099 sermone
1450 3034 1677 3116 reposui
1697 3036 1989 3099 cubitum.
2032 3036 2435 3119 habinamque

447 3118 876 3211 37fintrantem
891 3136 1032 3181 cum
1052 3118 1453 3183 admiratione
1470 3118 1691 3199 ingenti
1710 3116 2068 3201 spectabam.
2110 3120 2207 3183 ille
2221 3134 2427 3183 autem

557 3200 674 3263 iam
699 3199 904 3263 ebrius
937 3202 1140 3263 uxoris
1173 3199 1272 3263 sue
1301 3201 1565 3263 humeris
1584 3200 1945 3281 imposuerat
1982 3221 2191 3267 manus
2207 3220 2430 3265 onera-

555 3278 767 3363 tusque
783 3282 1014 3363 'aliquot
1029 3284 1278 3345 coronis
1299 3328 1318 3356 ,
1362 3282 1431 3345 δι
1452 3298 1753 3363 unguento
1772 3302 1875 3366 per
1916 3283 2180 3349 frontem
2200 3286 2257 3347 in
2278 3303 2434 3345 ocu·

560 3364 670 3427 los·
693 3362 910 3427 fluente
929 3365 1197 3447 pretorio
1236 3365 1380 3426 loco
1400 3361 1459 3425 se
1478 3364 1671 3445 posuit
1704 3367 2107 3451 continuoque
2140 3370 2345 3431 uinum
2364 3367 2436 3429 δι

563 3444 797 3510 caldam
835 3446 1130 3530 poposcit.
1183 3445 1507 3509 delectatus
1544 3449 1655 3509 hac
1692 3452 2037 3514 trimalchio
2092 3452 2385 3513 hilaritate
2409 3495 2430 3525 ‚

299 3603 312 3613 ‚
393 3604 414 3613 κ
443 3540 539 3617 40⁸
563 3530 630 3592 δε
663 3528 782 3615 ipse
815 3531 1190 3615 capaciorem
1213 3530 1489 3616 poposcit
1525 3530 1807 3613 scyphum
1828 3580 1845 3605 ,
1884 3532 2247 3616 quaesiuitque
2276 3552 2439 3613 quo·

281 3638 292 3651 ·
361 3618 368 3625 '
558 3620 756 3675 modo
793 3630 1078 3698 acceptus
1109 3612 1290 3677 effer?
1324 3614 1527 3677 omnia
1550 3616 1741 3697 inquit
1774 3616 2087 3679 habuimus
2124 3634 2317 3697 preter
2338 3633 2439 3692 te.

556 3696 718 3762 oculi
736 3699 896 3762 enim
919 3698 1040 3763 mei
1073 3698 1172 3763 hic
1189 3714 1389 3774 erant,
1428 3696 1495 3761 δι
1516 3716 1616 3763 me
1652 3700 1923 3763 hercules
1958 3699 2108 3764 bene
2144 3699 2255 3843 ίῗὶι
2276 3696 2437 3759 scissa

2204 3798 2431 3845 aucum
