<?xml version="1.0" encoding="UTF-8"?>
<!DOCTYPE html PUBLIC "-//W3C//DTD XHTML 1.0 Transitional//EN"
    "http://www.w3.org/TR/xhtml1/DTD/xhtml1-transitional.dtd">
<html xmlns="http://www.w3.org/1999/xhtml" xml:lang="en" lang="en">
 <head>
  <title>
</title>
<meta http-equiv="Content-Type" content="text/html;charset=utf-8" />
  <meta name='ocr-system' content='tesseract 3.04.00' />
  <meta name='ocr-capabilities' content='ocr_page ocr_carea ocr_par ocr_line ocrx_word'/>
</head>
<body>
  <div class='ocr_page' id='page_1' title='image "./titipetroniiarb00hooggoog_0951.png"; bbox 0 0 2634 4509; ppageno 0'>
   <div class='ocr_carea' id='block_1_1' title="bbox 201 254 2177 1807">
    <p class='ocr_par' dir='ltr' id='par_1_1' title="bbox 201 254 2121 833">
     <span class='ocr_line' id='line_1_1' title="bbox 201 254 2069 417; baseline -0.003 -15"><span class='ocrx_word' id='word_1_1' title='bbox 201 332 493 403; x_wconf 78' lang='lat' dir='ltr'>didicisset</span> <span class='ocrx_word' id='word_1_2' title='bbox 510 328 694 398; x_wconf 84' lang='lat' dir='ltr'>hodie</span> <span class='ocrx_word' id='word_1_3' title='bbox 712 330 936 397; x_wconf 79' lang='lat' dir='ltr'>famem</span> <span class='ocrx_word' id='word_1_4' title='bbox 953 350 990 396; x_wconf 86' lang='lat' dir='ltr'>a</span> <span class='ocrx_word' id='word_1_5' title='bbox 1005 328 1184 397; x_wconf 80' lang='lat' dir='ltr'>labris</span> <span class='ocrx_word' id='word_1_6' title='bbox 1199 348 1320 397; x_wconf 87' lang='lat' dir='ltr'>non</span> <span class='ocrx_word' id='word_1_7' title='bbox 1344 328 1631 417; x_wconf 82' lang='lat' dir='ltr'>abigeret.</span> <span class='ocrx_word' id='word_1_8' title='bbox 1654 331 1851 395; x_wconf 86' lang='lat' dir='ltr'>modo</span> <span class='ocrx_word' id='word_1_9' title='bbox 1870 254 2069 397; x_wconf 56' lang='lat' dir='ltr'>modg</span> 
     </span>
     <span class='ocr_line' id='line_1_2' title="bbox 203 414 2069 483; baseline -0.004 0"><span class='ocrx_word' id='word_1_10' title='bbox 203 420 372 483; x_wconf 89' lang='lat' dir='ltr'>collo</span> <span class='ocrx_word' id='word_1_11' title='bbox 393 419 496 483; x_wconf 86' lang='lat' dir='ltr'>suo</span> <span class='ocrx_word' id='word_1_12' title='bbox 512 414 970 481; x_wconf 87' lang='lat' dir='ltr'>circumferebat</span> <span class='ocrx_word' id='word_1_13' title='bbox 991 434 1174 479; x_wconf 82' lang='lat' dir='ltr'>onera</span> <span class='ocrx_word' id='word_1_14' title='bbox 1205 414 1457 481; x_wconf 81' lang='lat' dir='ltr'>uenalia.</span> <span class='ocrx_word' id='word_1_15' title='bbox 1518 416 1698 478; x_wconf 86' lang='lat' dir='ltr'>Nunc</span> <span class='ocrx_word' id='word_1_16' title='bbox 1734 418 1917 479; x_wconf 88' lang='lat' dir='ltr'>etiam</span> <span class='ocrx_word' id='word_1_17' title='bbox 1954 414 2069 475; x_wconf 88' lang='lat' dir='ltr'>ad-</span> 
     </span>
     <span class='ocr_line' id='line_1_3' title="bbox 201 494 2068 565; baseline -0.004 0"><span class='ocrx_word' id='word_1_18' title='bbox 201 501 398 565; x_wconf 80' lang='lat' dir='ltr'>uersus</span> <span class='ocrx_word' id='word_1_19' title='bbox 415 501 751 565; x_wconf 72' lang='lat' dir='ltr'>norbanum</span> <span class='ocrx_word' id='word_1_20' title='bbox 770 499 824 563; x_wconf 88' lang='lat' dir='ltr'>se</span> <span class='ocrx_word' id='word_1_21' title='bbox 841 500 1133 561; x_wconf 83' lang='lat' dir='ltr'>extendit.</span> <span class='ocrx_word' id='word_1_22' title='bbox 1168 498 1365 561; x_wconf 85' lang='lat' dir='ltr'>littere</span> <span class='ocrx_word' id='word_1_23' title='bbox 1382 498 1673 561; x_wconf 74' lang='lat' dir='ltr'>tesaurum</span> <span class='ocrx_word' id='word_1_24' title='bbox 1694 500 1791 563; x_wconf 77' lang='lat' dir='ltr'>est.</span> <span class='ocrx_word' id='word_1_25' title='bbox 1839 497 1903 562; x_wconf 85' lang='lat'>&amp;</span> <span class='ocrx_word' id='word_1_26' title='bbox 1922 494 2068 557; x_wconf 87' lang='lat' dir='ltr'>arti-</span> 
     </span>
     <span class='ocr_line' id='line_1_4' title="bbox 201 580 2061 666; baseline -0.005 -18"><span class='ocrx_word' id='word_1_27' title='bbox 201 586 402 649; x_wconf 85' lang='lat' dir='ltr'>ficium</span> <span class='ocrx_word' id='word_1_28' title='bbox 423 602 716 666; x_wconf 85' lang='lat' dir='ltr'>nunquam</span> <span class='ocrx_word' id='word_1_29' title='bbox 737 585 1015 645; x_wconf 84' lang='lat' dir='ltr'>moritur.</span> <span class='ocrx_word' id='word_1_30' title='bbox 1055 581 1356 645; x_wconf 83' lang='lat' dir='ltr'>eiusmodi</span> <span class='ocrx_word' id='word_1_31' title='bbox 1374 580 1577 645; x_wconf 90' lang='lat' dir='ltr'>fabule</span> <span class='ocrx_word' id='word_1_32' title='bbox 1598 582 1901 645; x_wconf 76' lang='lat' dir='ltr'>uibrabant</span> <span class='ocrx_word' id='word_1_33' title='bbox 1921 598 2061 642; x_wconf 86' lang='lat' dir='ltr'>cum</span> 
     </span>
     <span class='ocr_line' id='line_1_5' title="bbox 201 660 2121 745; baseline -0.006 -12"><span class='ocrx_word' id='word_1_34' title='bbox 201 666 546 733; x_wconf 81' lang='lat' dir='ltr'>trimalchio</span> <span class='ocrx_word' id='word_1_35' title='bbox 563 666 799 727; x_wconf 88' lang='lat' dir='ltr'>1ntrauit</span> <span class='ocrx_word' id='word_1_36' title='bbox 816 664 882 725; x_wconf 87' lang='lat'>&amp;</span> <span class='ocrx_word' id='word_1_37' title='bbox 899 664 1128 727; x_wconf 84' lang='lat' dir='ltr'>detersa</span> <span class='ocrx_word' id='word_1_38' title='bbox 1146 663 1343 727; x_wconf 84' lang='lat' dir='ltr'>fronte</span> <span class='ocrx_word' id='word_1_39' title='bbox 1357 682 1659 745; x_wconf 86' lang='lat' dir='ltr'>unguento</span> <span class='ocrx_word' id='word_1_40' title='bbox 1672 683 1881 727; x_wconf 84' lang='lat' dir='ltr'>manus</span> <span class='ocrx_word' id='word_1_41' title='bbox 1895 660 2062 725; x_wconf 86' lang='lat' dir='ltr'>lauit.</span> <span class='ocrx_word' id='word_1_42' title='bbox 2087 672 2121 745; x_wconf 77' lang='grc' dir='ltr'><strong>ς</strong></span> 
     </span>
     <span class='ocr_line' id='line_1_6' title="bbox 201 743 2065 833; baseline -0.005 -20"><span class='ocrx_word' id='word_1_43' title='bbox 201 750 514 833; x_wconf 84' lang='lat' dir='ltr'>spacioque</span> <span class='ocrx_word' id='word_1_44' title='bbox 529 749 784 811; x_wconf 85' lang='lat' dir='ltr'>minimo</span> <span class='ocrx_word' id='word_1_45' title='bbox 801 746 1150 829; x_wconf 75' lang='lat' dir='ltr'>interposito</span> <span class='ocrx_word' id='word_1_46' title='bbox 1169 792 1188 817; x_wconf 87' lang='lat'>,</span> <span class='ocrx_word' id='word_1_47' title='bbox 1230 744 1517 829; x_wconf 81' lang='lat' dir='ltr'>ignoscite</span> <span class='ocrx_word' id='word_1_48' title='bbox 1550 748 1695 809; x_wconf 79' lang='lat' dir='ltr'>mihi</span> <span class='ocrx_word' id='word_1_49' title='bbox 1712 746 1897 828; x_wconf 82' lang='lat' dir='ltr'>inquit</span> <span class='ocrx_word' id='word_1_50' title='bbox 1912 743 2065 809; x_wconf 82' lang='lat' dir='ltr'>ami-</span> 
     </span>
    </p>

    <p class='ocr_par' dir='ltr' id='par_1_2' title="bbox 201 828 2069 996">
     <span class='ocr_line' id='line_1_7' title="bbox 203 828 2069 909; baseline -0.004 -14"><span class='ocrx_word' id='word_1_51' title='bbox 203 834 260 895; x_wconf 90' lang='lat' dir='ltr'>ci</span> <span class='ocrx_word' id='word_1_52' title='bbox 279 880 296 905; x_wconf 91' lang='lat'>,</span> <span class='ocrx_word' id='word_1_53' title='bbox 319 833 522 893; x_wconf 82' lang='lat' dir='ltr'>multis</span> <span class='ocrx_word' id='word_1_54' title='bbox 537 833 656 894; x_wconf 86' lang='lat' dir='ltr'>iam</span> <span class='ocrx_word' id='word_1_55' title='bbox 679 830 891 895; x_wconf 79' lang='lat' dir='ltr'>diebus</span> <span class='ocrx_word' id='word_1_56' title='bbox 909 846 1114 891; x_wconf 86' lang='lat' dir='ltr'>uenter</span> <span class='ocrx_word' id='word_1_57' title='bbox 1131 830 1277 891; x_wconf 84' lang='lat' dir='ltr'>mibi</span> <span class='ocrx_word' id='word_1_58' title='bbox 1298 848 1419 891; x_wconf 85' lang='lat' dir='ltr'>non</span> <span class='ocrx_word' id='word_1_59' title='bbox 1443 828 1767 909; x_wconf 86' lang='lat' dir='ltr'>respondit.</span> <span class='ocrx_word' id='word_1_60' title='bbox 1812 848 1919 899; x_wconf 78' lang='lat' dir='ltr'>nec</span> <span class='ocrx_word' id='word_1_61' title='bbox 1937 844 2069 889; x_wconf 89' lang='lat' dir='ltr'>me-</span> 
     </span>
     <span class='ocr_line' id='line_1_8' title="bbox 201 908 2068 996; baseline -0.001 -21"><span class='ocrx_word' id='word_1_62' title='bbox 201 914 322 977; x_wconf 89' lang='lat' dir='ltr'>dici</span> <span class='ocrx_word' id='word_1_63' title='bbox 343 912 377 974; x_wconf 86' lang='lat' dir='ltr'>s</span> <span class='ocrx_word' id='word_1_64' title='bbox 365 932 398 975; x_wconf 91' lang='lat' dir='ltr'>e</span> <span class='ocrx_word' id='word_1_65' title='bbox 415 914 737 977; x_wconf 85' lang='lat' dir='ltr'>inueniunt.</span> <span class='ocrx_word' id='word_1_66' title='bbox 771 908 1000 996; x_wconf 79' lang='lat' dir='ltr'>profuit</span> <span class='ocrx_word' id='word_1_67' title='bbox 1015 911 1164 973; x_wconf 83' lang='lat' dir='ltr'>mihi</span> <span class='ocrx_word' id='word_1_68' title='bbox 1185 926 1387 973; x_wconf 85' lang='lat' dir='ltr'>tamen</span> <span class='ocrx_word' id='word_1_69' title='bbox 1404 911 1791 973; x_wconf 76' lang='lat' dir='ltr'>maleicorum</span> <span class='ocrx_word' id='word_1_70' title='bbox 1814 911 1881 971; x_wconf 85' lang='lat'>&amp;</span> <span class='ocrx_word' id='word_1_71' title='bbox 1895 908 2068 973; x_wconf 78' lang='lat' dir='ltr'>taeda</span> 
     </span>
    </p>

    <p class='ocr_par' dir='ltr' id='par_1_3' title="bbox 203 993 2177 1807">
     <span class='ocr_line' id='line_1_9' title="bbox 205 993 2070 1079; baseline -0.002 -22"><span class='ocrx_word' id='word_1_72' title='bbox 205 1016 282 1059; x_wconf 85' lang='lat' dir='ltr'>ex</span> <span class='ocrx_word' id='word_1_73' title='bbox 303 1012 502 1060; x_wconf 86' lang='lat' dir='ltr'>aceto.</span> <span class='ocrx_word' id='word_1_74' title='bbox 563 994 734 1079; x_wconf 88' lang='lat' dir='ltr'>spero</span> <span class='ocrx_word' id='word_1_75' title='bbox 753 1011 950 1061; x_wconf 85' lang='lat' dir='ltr'>tamen</span> <span class='ocrx_word' id='word_1_76' title='bbox 969 994 1086 1057; x_wconf 80' lang='lat' dir='ltr'>iam</span> <span class='ocrx_word' id='word_1_77' title='bbox 1107 1010 1401 1055; x_wconf 88' lang='lat' dir='ltr'>uentrem.</span> <span class='ocrx_word' id='word_1_78' title='bbox 1441 993 1735 1075; x_wconf 81' lang='lat' dir='ltr'>pudorem</span> <span class='ocrx_word' id='word_1_79' title='bbox 1754 993 1857 1057; x_wconf 88' lang='lat' dir='ltr'>fibi</span> <span class='ocrx_word' id='word_1_80' title='bbox 1878 995 2070 1074; x_wconf 86' lang='lat' dir='ltr'>impo-</span> 
     </span>
     <span class='ocr_line' id='line_1_10' title="bbox 205 1076 2173 1161; baseline -0.003 -17"><span class='ocrx_word' id='word_1_81' title='bbox 205 1082 312 1144; x_wconf 85' lang='lat' dir='ltr'>nit.</span> <span class='ocrx_word' id='word_1_82' title='bbox 365 1078 642 1161; x_wconf 78' lang='lat' dir='ltr'>Alioquin</span> <span class='ocrx_word' id='word_1_83' title='bbox 673 1077 832 1141; x_wconf 89' lang='lat' dir='ltr'>circa</span> <span class='ocrx_word' id='word_1_84' title='bbox 869 1076 1193 1141; x_wconf 84' lang='lat' dir='ltr'>stomacum</span> <span class='ocrx_word' id='word_1_85' title='bbox 1231 1076 1381 1137; x_wconf 88' lang='lat' dir='ltr'>mihi</span> <span class='ocrx_word' id='word_1_86' title='bbox 1419 1077 1585 1139; x_wconf 80' lang='lat' dir='ltr'>sonat</span> <span class='ocrx_word' id='word_1_87' title='bbox 1618 1092 1789 1159; x_wconf 82' lang='lat' dir='ltr'>putes</span> <span class='ocrx_word' id='word_1_88' title='bbox 1808 1092 2065 1140; x_wconf 82' lang='lat' dir='ltr'>taurum.</span> <span class='ocrx_word' id='word_1_89' title='bbox 2094 1090 2173 1145; x_wconf 75' lang='grc' dir='ltr'>ιο</span> 
     </span>
     <span class='ocr_line' id='line_1_11' title="bbox 203 1152 2070 1244; baseline -0.005 -17"><span class='ocrx_word' id='word_1_90' title='bbox 203 1162 400 1244; x_wconf 86' lang='lat' dir='ltr'>itaque</span> <span class='ocrx_word' id='word_1_91' title='bbox 416 1160 602 1243; x_wconf 81' lang='lat' dir='ltr'>siquis</span> <span class='ocrx_word' id='word_1_92' title='bbox 619 1159 870 1226; x_wconf 83' lang='lat' dir='ltr'>uestrum</span> <span class='ocrx_word' id='word_1_93' title='bbox 891 1158 1148 1222; x_wconf 87' lang='lat' dir='ltr'>uoluerit</span> <span class='ocrx_word' id='word_1_94' title='bbox 1167 1156 1262 1221; x_wconf 84' lang='lat' dir='ltr'>sua</span> <span class='ocrx_word' id='word_1_95' title='bbox 1280 1176 1343 1221; x_wconf 87' lang='lat' dir='ltr'>re</span> <span class='ocrx_word' id='word_1_96' title='bbox 1361 1156 1529 1221; x_wconf 73' lang='lat' dir='ltr'>causa</span> <span class='ocrx_word' id='word_1_97' title='bbox 1566 1156 1785 1222; x_wconf 84' lang='lat' dir='ltr'>facere.</span> <span class='ocrx_word' id='word_1_98' title='bbox 1844 1178 1967 1221; x_wconf 87' lang='lat' dir='ltr'>non</span> <span class='ocrx_word' id='word_1_99' title='bbox 1987 1152 2070 1217; x_wconf 89' lang='lat' dir='ltr'>est</span> 
     </span>
     <span class='ocr_line' id='line_1_12' title="bbox 203 1237 2071 1329; baseline -0.004 -23"><span class='ocrx_word' id='word_1_100' title='bbox 203 1244 370 1329; x_wconf 88' lang='lat' dir='ltr'>quod</span> <span class='ocrx_word' id='word_1_101' title='bbox 407 1244 571 1307; x_wconf 87' lang='lat' dir='ltr'>illum</span> <span class='ocrx_word' id='word_1_102' title='bbox 608 1246 920 1325; x_wconf 77' lang='lat' dir='ltr'>pudeatur.</span> <span class='ocrx_word' id='word_1_103' title='bbox 995 1242 1204 1305; x_wconf 87' lang='lat' dir='ltr'>Nemo</span> <span class='ocrx_word' id='word_1_104' title='bbox 1237 1238 1497 1303; x_wconf 88' lang='lat' dir='ltr'>nostrum</span> <span class='ocrx_word' id='word_1_105' title='bbox 1532 1240 1723 1304; x_wconf 84' lang='lat' dir='ltr'>solide</span> <span class='ocrx_word' id='word_1_106' title='bbox 1758 1259 1931 1304; x_wconf 83' lang='lat' dir='ltr'>natus</span> <span class='ocrx_word' id='word_1_107' title='bbox 1966 1237 2071 1301; x_wconf 84' lang='lat' dir='ltr'>est.</span> 
     </span>
     <span class='ocr_line' id='line_1_13' title="bbox 205 1322 2071 1410; baseline -0.004 -20"><span class='ocrx_word' id='word_1_108' title='bbox 205 1346 326 1410; x_wconf 82' lang='lat' dir='ltr'>ego</span> <span class='ocrx_word' id='word_1_109' title='bbox 345 1328 572 1393; x_wconf 85' lang='lat' dir='ltr'>nullum</span> <span class='ocrx_word' id='word_1_110' title='bbox 591 1344 741 1407; x_wconf 86' lang='lat' dir='ltr'>puto</span> <span class='ocrx_word' id='word_1_111' title='bbox 762 1341 888 1389; x_wconf 88' lang='lat' dir='ltr'>tam</span> <span class='ocrx_word' id='word_1_112' title='bbox 909 1342 1186 1406; x_wconf 81' lang='lat' dir='ltr'>magnum</span> <span class='ocrx_word' id='word_1_113' title='bbox 1203 1337 1569 1389; x_wconf 86' lang='lat' dir='ltr'>tormentum</span> <span class='ocrx_word' id='word_1_114' title='bbox 1595 1322 1705 1387; x_wconf 74' lang='lat' dir='ltr'>ess&#39;e</span> <span class='ocrx_word' id='word_1_115' title='bbox 1722 1343 1901 1408; x_wconf 87' lang='lat' dir='ltr'>quam</span> <span class='ocrx_word' id='word_1_116' title='bbox 1920 1341 2071 1385; x_wconf 88' lang='lat' dir='ltr'>con·</span> 
     </span>
     <span class='ocr_line' id='line_1_14' title="bbox 205 1406 2071 1488; baseline -0.004 -15"><span class='ocrx_word' id='word_1_117' title='bbox 205 1411 416 1488; x_wconf 86' lang='lat' dir='ltr'>tinere.</span> <span class='ocrx_word' id='word_1_118' title='bbox 473 1410 589 1471; x_wconf 89' lang='lat' dir='ltr'>hoc</span> <span class='ocrx_word' id='word_1_119' title='bbox 609 1407 800 1473; x_wconf 86' lang='lat' dir='ltr'>solurn</span> <span class='ocrx_word' id='word_1_120' title='bbox 817 1424 1019 1471; x_wconf 88' lang='lat' dir='ltr'>uetare</span> <span class='ocrx_word' id='word_1_121' title='bbox 1037 1425 1110 1470; x_wconf 90' lang='lat' dir='ltr'>ne</span> <span class='ocrx_word' id='word_1_122' title='bbox 1143 1408 1300 1473; x_wconf 88' lang='lat' dir='ltr'>iouis</span> <span class='ocrx_word' id='word_1_123' title='bbox 1336 1406 1539 1488; x_wconf 78' lang='lat' dir='ltr'>potest.</span> <span class='ocrx_word' id='word_1_124' title='bbox 1590 1406 1751 1471; x_wconf 76' lang='lat' dir='ltr'>rides</span> <span class='ocrx_word' id='word_1_125' title='bbox 1768 1408 2071 1469; x_wconf 72' lang='lat' dir='ltr'>fortunata</span> 
     </span>
     <span class='ocr_line' id='line_1_15' title="bbox 205 1486 2177 1575; baseline -0.003 -20"><span class='ocrx_word' id='word_1_126' title='bbox 205 1511 324 1575; x_wconf 87' lang='lat' dir='ltr'>que</span> <span class='ocrx_word' id='word_1_127' title='bbox 341 1490 492 1555; x_wconf 83' lang='lat' dir='ltr'>soles</span> <span class='ocrx_word' id='word_1_128' title='bbox 511 1510 610 1555; x_wconf 85' lang='lat' dir='ltr'>me</span> <span class='ocrx_word' id='word_1_129' title='bbox 627 1490 804 1555; x_wconf 61' lang='lat' dir='ltr'>noire</span> <span class='ocrx_word' id='word_1_130' title='bbox 820 1489 1172 1555; x_wconf 83' lang='lat' dir='ltr'>desomnem</span> <span class='ocrx_word' id='word_1_131' title='bbox 1189 1488 1403 1552; x_wconf 86' lang='lat' dir='ltr'>facere.</span> <span class='ocrx_word' id='word_1_132' title='bbox 1442 1509 1549 1551; x_wconf 87' lang='lat' dir='ltr'>nec</span> <span class='ocrx_word' id='word_1_133' title='bbox 1588 1507 1789 1552; x_wconf 86' lang='lat' dir='ltr'>tamen</span> <span class='ocrx_word' id='word_1_134' title='bbox 1808 1491 1867 1553; x_wconf 91' lang='lat' dir='ltr'>in</span> <span class='ocrx_word' id='word_1_135' title='bbox 1888 1486 2069 1551; x_wconf 88' lang='lat' dir='ltr'>tricli·</span> <span class='ocrx_word' id='word_1_136' title='bbox 2096 1502 2125 1549; x_wconf 80' lang='lat'>1</span> <span class='ocrx_word' id='word_1_137' title='bbox 2138 1494 2177 1565; x_wconf 74' lang='grc' dir='ltr'><strong>ς</strong></span> 
     </span>
     <span class='ocr_line' id='line_1_16' title="bbox 205 1571 2073 1657; baseline -0.004 -19"><span class='ocrx_word' id='word_1_138' title='bbox 205 1578 312 1639; x_wconf 84' lang='lat' dir='ltr'>nio</span> <span class='ocrx_word' id='word_1_139' title='bbox 329 1575 518 1637; x_wconf 86' lang='lat' dir='ltr'>ullum</span> <span class='ocrx_word' id='word_1_140' title='bbox 537 1574 693 1637; x_wconf 88' lang='lat' dir='ltr'>uetui</span> <span class='ocrx_word' id='word_1_141' title='bbox 711 1571 908 1635; x_wconf 88' lang='lat' dir='ltr'>facere</span> <span class='ocrx_word' id='word_1_142' title='bbox 925 1574 1090 1657; x_wconf 89' lang='lat' dir='ltr'>quod</span> <span class='ocrx_word' id='word_1_143' title='bbox 1110 1571 1365 1637; x_wconf 70' lang='lat' dir='ltr'>ieiunet.</span> <span class='ocrx_word' id='word_1_144' title='bbox 1384 1574 1448 1635; x_wconf 85' lang='lat'>&amp;</span> <span class='ocrx_word' id='word_1_145' title='bbox 1468 1574 1689 1635; x_wconf 87' lang='lat' dir='ltr'>medici</span> <span class='ocrx_word' id='word_1_146' title='bbox 1708 1588 1909 1635; x_wconf 82' lang='lat' dir='ltr'>uetant</span> <span class='ocrx_word' id='word_1_147' title='bbox 1926 1588 2073 1631; x_wconf 87' lang='lat' dir='ltr'>con-</span> 
     </span>
     <span class='ocr_line' id='line_1_17' title="bbox 205 1652 2068 1747; baseline 0 -30"><span class='ocrx_word' id='word_1_148' title='bbox 205 1658 411 1718; x_wconf 78' lang='lat' dir='ltr'>tinere.</span> <span class='ocrx_word' id='word_1_149' title='bbox 449 1655 542 1717; x_wconf 86' lang='lat' dir='ltr'>uel</span> <span class='ocrx_word' id='word_1_150' title='bbox 567 1654 606 1721; x_wconf 82' lang='lat' dir='ltr'>fi</span> <span class='ocrx_word' id='word_1_151' title='bbox 623 1653 766 1737; x_wconf 87' lang='lat' dir='ltr'>quid</span> <span class='ocrx_word' id='word_1_152' title='bbox 787 1654 916 1747; x_wconf 80' lang='lat' dir='ltr'>plus</span> <span class='ocrx_word' id='word_1_153' title='bbox 937 1656 1098 1719; x_wconf 87' lang='lat' dir='ltr'>uenit</span> <span class='ocrx_word' id='word_1_154' title='bbox 1116 1657 1318 1719; x_wconf 84' lang='lat' dir='ltr'>omnia</span> <span class='ocrx_word' id='word_1_155' title='bbox 1334 1652 1503 1719; x_wconf 83' lang='lat' dir='ltr'>foras</span> <span class='ocrx_word' id='word_1_156' title='bbox 1519 1670 1724 1737; x_wconf 85' lang='lat' dir='ltr'>parata</span> <span class='ocrx_word' id='word_1_157' title='bbox 1760 1654 1884 1717; x_wconf 89' lang='lat' dir='ltr'>sunt</span> <span class='ocrx_word' id='word_1_158' title='bbox 1898 1674 1933 1717; x_wconf 89' lang='lat' dir='ltr'>a</span> <span class='ocrx_word' id='word_1_159' title='bbox 1948 1672 2068 1731; x_wconf 80' lang='lat' dir='ltr'>qua</span> 
     </span>
     <span class='ocr_line' id='line_1_18' title="bbox 205 1734 2069 1807; baseline -0.003 -5"><span class='ocrx_word' id='word_1_160' title='bbox 205 1736 412 1802; x_wconf 80' lang='lat' dir='ltr'>lassant</span> <span class='ocrx_word' id='word_1_161' title='bbox 429 1738 492 1802; x_wconf 78' lang='grc' dir='ltr'>δι</span> <span class='ocrx_word' id='word_1_162' title='bbox 510 1754 710 1807; x_wconf 79' lang='lat' dir='ltr'>cetera</span> <span class='ocrx_word' id='word_1_163' title='bbox 729 1738 1050 1801; x_wconf 75' lang='lat' dir='ltr'>minutalia.</span> <span class='ocrx_word' id='word_1_164' title='bbox 1089 1737 1320 1801; x_wconf 84' lang='lat' dir='ltr'>credite</span> <span class='ocrx_word' id='word_1_165' title='bbox 1336 1737 1483 1801; x_wconf 83' lang='lat' dir='ltr'>mihi</span> <span class='ocrx_word' id='word_1_166' title='bbox 1514 1739 1861 1801; x_wconf 76' lang='lat' dir='ltr'>anathimias</span> <span class='ocrx_word' id='word_1_167' title='bbox 1880 1739 1931 1800; x_wconf 84' lang='lat' dir='ltr'>is</span> <span class='ocrx_word' id='word_1_168' title='bbox 1949 1734 1990 1797; x_wconf 83' lang='lat' dir='ltr'>fi</span> <span class='ocrx_word' id='word_1_169' title='bbox 2006 1736 2069 1797; x_wconf 88' lang='lat' dir='ltr'>in</span> 
     </span>
    </p>
   </div>
   <div class='ocr_carea' id='block_1_2' title="bbox 163 1816 2069 1901">
    <p class='ocr_par' dir='ltr' id='par_1_4' title="bbox 163 1816 2069 1901">
     <span class='ocr_line' id='line_1_19' title="bbox 163 1816 2069 1901; baseline -0.002 -18"><span class='ocrx_word' id='word_1_170' title='bbox 163 1895 166 1897; x_wconf 11' lang='lat' dir='ltr'>v</span> <span class='ocrx_word' id='word_1_171' title='bbox 207 1820 524 1883; x_wconf 82' lang='lat' dir='ltr'>cerebrum</span> <span class='ocrx_word' id='word_1_172' title='bbox 544 1822 590 1884; x_wconf 91' lang='lat' dir='ltr'>it</span> <span class='ocrx_word' id='word_1_173' title='bbox 607 1821 664 1883; x_wconf 89' lang='lat' dir='ltr'>in</span> <span class='ocrx_word' id='word_1_174' title='bbox 683 1835 1100 1901; x_wconf 81' lang='lat' dir='ltr'>toto-corpore</span> <span class='ocrx_word' id='word_1_175' title='bbox 1115 1818 1355 1883; x_wconf 62' lang='lat' dir='ltr'>fluctum</span> <span class='ocrx_word' id='word_1_176' title='bbox 1375 1817 1541 1884; x_wconf 81' lang='lat' dir='ltr'>facit.</span> <span class='ocrx_word' id='word_1_177' title='bbox 1597 1820 1833 1883; x_wconf 83' lang='lat' dir='ltr'>multos&#39;</span> <span class='ocrx_word' id='word_1_178' title='bbox 1854 1818 1973 1881; x_wconf 89' lang='lat' dir='ltr'>scio</span> <span class='ocrx_word' id='word_1_179' title='bbox 1992 1816 2069 1879; x_wconf 82' lang='lat' dir='ltr'>fic</span> 
     </span>
    </p>
   </div>
   <div class='ocr_carea' id='block_1_3' title="bbox 203 1980 2199 3552">
    <p class='ocr_par' dir='ltr' id='par_1_5' title="bbox 203 1980 2199 3552">
     <span class='ocr_line' id='line_1_20' title="bbox 289 1980 2073 2070; baseline -0.001 -23"><span class='ocrx_word' id='word_1_180' title='bbox 289 2005 349 2049; x_wconf 87' lang='lat' dir='ltr'>ra</span> <span class='ocrx_word' id='word_1_181' title='bbox 369 1986 746 2069; x_wconf 80' lang='lat' dir='ltr'>liberalitati,</span> <span class='ocrx_word' id='word_1_182' title='bbox 783 1984 1262 2070; x_wconf 81' lang='lat' dir='ltr'>indulgentieque</span> <span class='ocrx_word' id='word_1_183' title='bbox 1277 1986 1402 2049; x_wconf 79' lang='lat' dir='ltr'>eius</span> <span class='ocrx_word' id='word_1_184' title='bbox 1422 2032 1441 2060; x_wconf 86' lang='lat'>,</span> <span class='ocrx_word' id='word_1_185' title='bbox 1474 1984 1541 2049; x_wconf 73' lang='grc' dir='ltr'>δε</span> <span class='ocrx_word' id='word_1_186' title='bbox 1560 1984 1665 2047; x_wconf 85' lang='lat' dir='ltr'>sub</span> <span class='ocrx_word' id='word_1_187' title='bbox 1682 1985 1819 2047; x_wconf 88' lang='lat' dir='ltr'>inde</span> <span class='ocrx_word' id='word_1_188' title='bbox 1832 1980 2073 2064; x_wconf 81' lang='lat' dir='ltr'>castiga·</span> 
     </span>
     <span class='ocr_line' id='line_1_21' title="bbox 206 2066 2071 2151; baseline -0.004 -16"><span class='ocrx_word' id='word_1_189' title='bbox 206 2088 344 2135; x_wconf 81' lang='lat' dir='ltr'>mus</span> <span class='ocrx_word' id='word_1_190' title='bbox 363 2069 588 2135; x_wconf 81' lang='lat' dir='ltr'>crebris</span> <span class='ocrx_word' id='word_1_191' title='bbox 607 2068 961 2151; x_wconf 87' lang='lat' dir='ltr'>potiunculis</span> <span class='ocrx_word' id='word_1_192' title='bbox 980 2068 1062 2132; x_wconf 87' lang='lat' dir='ltr'>ris</span> <span class='ocrx_word' id='word_1_193' title='bbox 1055 2088 1178 2133; x_wconf 83' lang='lat' dir='ltr'>um.</span> <span class='ocrx_word' id='word_1_194' title='bbox 1233 2066 1377 2130; x_wconf 84' lang='lat' dir='ltr'>Nec</span> <span class='ocrx_word' id='word_1_195' title='bbox 1390 2068 1587 2131; x_wconf 87' lang='lat' dir='ltr'>adhuc</span> <span class='ocrx_word' id='word_1_196' title='bbox 1618 2067 1942 2134; x_wconf 77' lang='lat' dir='ltr'>sciebamus</span> <span class='ocrx_word' id='word_1_197' title='bbox 1958 2082 2071 2127; x_wconf 75' lang='lat' dir='ltr'>nos</span> 
     </span>
     <span class='ocr_line' id='line_1_22' title="bbox 207 2147 2068 2234; baseline -0.003 -15"><span class='ocrx_word' id='word_1_198' title='bbox 207 2156 269 2219; x_wconf 87' lang='lat' dir='ltr'>in</span> <span class='ocrx_word' id='word_1_199' title='bbox 287 2153 499 2215; x_wconf 78' lang='lat' dir='ltr'>medio‘</span> <span class='ocrx_word' id='word_1_200' title='bbox 516 2152 890 2215; x_wconf 74' lang='lat' dir='ltr'>lauticiarum</span> <span class='ocrx_word' id='word_1_201' title='bbox 921 2170 1048 2234; x_wconf 86' lang='lat' dir='ltr'>quo</span> <span class='ocrx_word' id='word_1_202' title='bbox 1065 2154 1229 2215; x_wconf 86' lang='lat' dir='ltr'>aiunt</span> <span class='ocrx_word' id='word_1_203' title='bbox 1244 2150 1407 2213; x_wconf 88' lang='lat' dir='ltr'>cliuo</span> <span class='ocrx_word' id='word_1_204' title='bbox 1422 2147 1698 2213; x_wconf 85' lang='lat' dir='ltr'>laborare</span> <span class='ocrx_word' id='word_1_205' title='bbox 1716 2197 1734 2224; x_wconf 86' lang='lat'>‚</span> <span class='ocrx_word' id='word_1_206' title='bbox 1774 2170 1911 2211; x_wconf 86' lang='lat' dir='ltr'>nam</span> <span class='ocrx_word' id='word_1_207' title='bbox 1926 2165 2068 2213; x_wconf 80' lang='lat' dir='ltr'>cum</span> 
     </span>
     <span class='ocr_line' id='line_1_23' title="bbox 207 2231 2067 2317; baseline -0.003 -18"><span class='ocrx_word' id='word_1_208' title='bbox 207 2234 506 2299; x_wconf 79' lang='lat' dir='ltr'>mundatis</span> <span class='ocrx_word' id='word_1_209' title='bbox 523 2232 601 2297; x_wconf 81' lang='lat' dir='ltr'>ad</span> <span class='ocrx_word' id='word_1_210' title='bbox 621 2232 982 2317; x_wconf 78' lang='lat' dir='ltr'>sinpboniam</span> <span class='ocrx_word' id='word_1_211' title='bbox 1001 2232 1212 2297; x_wconf 79' lang='lat' dir='ltr'>mensis</span> <span class='ocrx_word' id='word_1_212' title='bbox 1229 2250 1381 2296; x_wconf 82' lang='lat' dir='ltr'>trres</span> <span class='ocrx_word' id='word_1_213' title='bbox 1394 2231 1512 2297; x_wconf 85' lang='lat' dir='ltr'>albi</span> <span class='ocrx_word' id='word_1_214' title='bbox 1530 2234 1657 2298; x_wconf 83' lang='lat' dir='ltr'>sues</span> <span class='ocrx_word' id='word_1_215' title='bbox 1672 2234 1733 2296; x_wconf 88' lang='lat' dir='ltr'>in</span> <span class='ocrx_word' id='word_1_216' title='bbox 1752 2231 2067 2295; x_wconf 86' lang='lat' dir='ltr'>triclinium</span> 
     </span>
     <span class='ocr_line' id='line_1_24' title="bbox 203 2311 2171 2398; baseline -0.002 -19"><span class='ocrx_word' id='word_1_217' title='bbox 203 2318 322 2379; x_wconf 86' lang='lat' dir='ltr'>add</span> <span class='ocrx_word' id='word_1_218' title='bbox 330 2316 446 2379; x_wconf 66' lang='lat' dir='ltr'>ucri</span> <span class='ocrx_word' id='word_1_219' title='bbox 465 2316 590 2379; x_wconf 91' lang='lat' dir='ltr'>sunt</span> <span class='ocrx_word' id='word_1_220' title='bbox 607 2315 866 2398; x_wconf 85' lang='lat' dir='ltr'>capistris</span> <span class='ocrx_word' id='word_1_221' title='bbox 883 2362 902 2390; x_wconf 86' lang='lat'><strong>,</strong></span> <span class='ocrx_word' id='word_1_222' title='bbox 941 2311 1391 2387; x_wconf 78' lang='lat' dir='ltr'>&amp;tintinabulis</span> <span class='ocrx_word' id='word_1_223' title='bbox 1406 2316 1552 2379; x_wconf 90' lang='lat' dir='ltr'>culti</span> <span class='ocrx_word' id='word_1_224' title='bbox 1570 2362 1587 2390; x_wconf 84' lang='lat'>,</span> <span class='ocrx_word' id='word_1_225' title='bbox 1608 2334 1863 2397; x_wconf 89' lang='lat' dir='ltr'>quorum</span> <span class='ocrx_word' id='word_1_226' title='bbox 1885 2332 2067 2377; x_wconf 84' lang='lat' dir='ltr'>unum</span> <span class='ocrx_word' id='word_1_227' title='bbox 2092 2318 2171 2391; x_wconf 55' lang='grc' dir='ltr'>κς</span> 
     </span>
     <span class='ocr_line' id='line_1_25' title="bbox 207 2396 2071 2472; baseline -0.001 -9"><span class='ocrx_word' id='word_1_228' title='bbox 207 2401 440 2463; x_wconf 88' lang='lat' dir='ltr'>bimum</span> <span class='ocrx_word' id='word_1_229' title='bbox 467 2398 922 2467; x_wconf 80' lang='lat' dir='ltr'>nomenculator</span> <span class='ocrx_word' id='word_1_230' title='bbox 939 2396 1048 2461; x_wconf 81' lang='lat' dir='ltr'>effe</span> <span class='ocrx_word' id='word_1_231' title='bbox 1067 2396 1305 2461; x_wconf 87' lang='lat' dir='ltr'>dicebat</span> <span class='ocrx_word' id='word_1_232' title='bbox 1323 2444 1342 2472; x_wconf 86' lang='lat'><strong>,</strong></span> <span class='ocrx_word' id='word_1_233' title='bbox 1360 2399 1508 2461; x_wconf 86' lang='lat' dir='ltr'>alter</span> <span class='ocrx_word' id='word_1_234' title='bbox 1525 2400 1769 2461; x_wconf 83' lang='lat' dir='ltr'>trimum</span> <span class='ocrx_word' id='word_1_235' title='bbox 1788 2444 1806 2471; x_wconf 86' lang='lat'>‚</span> <span class='ocrx_word' id='word_1_236' title='bbox 1828 2398 2071 2461; x_wconf 83' lang='lat' dir='ltr'>tertium</span> 
     </span>
     <span class='ocr_line' id='line_1_26' title="bbox 207 2478 2073 2562; baseline -0.004 -18"><span class='ocrx_word' id='word_1_237' title='bbox 207 2501 357 2544; x_wconf 86' lang='lat' dir='ltr'>uero</span> <span class='ocrx_word' id='word_1_238' title='bbox 395 2484 512 2545; x_wconf 84' lang='lat' dir='ltr'>iam</span> <span class='ocrx_word' id='word_1_239' title='bbox 547 2480 772 2543; x_wconf 80' lang='lat' dir='ltr'>senem.</span> <span class='ocrx_word' id='word_1_240' title='bbox 845 2499 964 2561; x_wconf 80' lang='lat' dir='ltr'>ego</span> <span class='ocrx_word' id='word_1_241' title='bbox 1001 2480 1292 2562; x_wconf 80' lang='lat' dir='ltr'>putabam</span> <span class='ocrx_word' id='word_1_242' title='bbox 1330 2480 1770 2561; x_wconf 79' lang='lat' dir='ltr'>petauristarios</span> <span class='ocrx_word' id='word_1_243' title='bbox 1806 2478 2035 2543; x_wconf 85' lang='lat' dir='ltr'>intrafl&#39;e</span> <span class='ocrx_word' id='word_1_244' title='bbox 2052 2520 2073 2551; x_wconf 82' lang='lat'>‚</span> 
     </span>
     <span class='ocr_line' id='line_1_27' title="bbox 208 2558 2078 2647; baseline -0.003 -20"><span class='ocrx_word' id='word_1_245' title='bbox 208 2566 272 2627; x_wconf 75' lang='grc' dir='ltr'>δι</span> <span class='ocrx_word' id='word_1_246' title='bbox 315 2582 538 2647; x_wconf 84' lang='lat' dir='ltr'>porcos</span> <span class='ocrx_word' id='word_1_247' title='bbox 571 2562 718 2627; x_wconf 84' lang='lat' dir='ltr'>ficut</span> <span class='ocrx_word' id='word_1_248' title='bbox 751 2565 810 2627; x_wconf 91' lang='lat' dir='ltr'>in</span> <span class='ocrx_word' id='word_1_249' title='bbox 853 2564 1087 2626; x_wconf 86' lang='lat' dir='ltr'>circulis</span> <span class='ocrx_word' id='word_1_250' title='bbox 1123 2580 1260 2624; x_wconf 78' lang='lat' dir='ltr'>mos</span> <span class='ocrx_word' id='word_1_251' title='bbox 1295 2562 1381 2625; x_wconf 89' lang='lat' dir='ltr'>est</span> <span class='ocrx_word' id='word_1_252' title='bbox 1449 2579 1723 2647; x_wconf 73' lang='lat' dir='ltr'>portenta</span> <span class='ocrx_word' id='word_1_253' title='bbox 1754 2558 2078 2644; x_wconf 84' lang='lat' dir='ltr'>aliqua·fa·</span> 
     </span>
     <span class='ocr_line' id='line_1_28' title="bbox 209 2644 2077 2726; baseline -0.004 -15"><span class='ocrx_word' id='word_1_254' title='bbox 209 2650 408 2711; x_wconf 68' lang='lat' dir='ltr'>&amp;mos</span> <span class='ocrx_word' id='word_1_255' title='bbox 439 2694 456 2720; x_wconf 89' lang='lat'><strong>,</strong></span> <span class='ocrx_word' id='word_1_256' title='bbox 501 2644 605 2711; x_wconf 78' lang='lat' dir='ltr'>sed</span> <span class='ocrx_word' id='word_1_257' title='bbox 640 2645 979 2709; x_wconf 78' lang='lat' dir='ltr'>trimalchio</span> <span class='ocrx_word' id='word_1_258' title='bbox 1010 2644 1425 2725; x_wconf 67' lang='lat' dir='ltr'>expectatione</span> <span class='ocrx_word' id='word_1_259' title='bbox 1456 2644 1697 2709; x_wconf 85' lang='lat' dir='ltr'>discussa</span> <span class='ocrx_word' id='word_1_260' title='bbox 1714 2690 1733 2717; x_wconf 90' lang='lat'><strong>,</strong></span> <span class='ocrx_word' id='word_1_261' title='bbox 1770 2662 1953 2726; x_wconf 86' lang='lat' dir='ltr'>quem</span> <span class='ocrx_word' id='word_1_262' title='bbox 1990 2645 2077 2707; x_wconf 85' lang='lat' dir='ltr'>in-</span> 
     </span>
     <span class='ocr_line' id='line_1_29' title="bbox 207 2725 2193 2815; baseline 0 -22"><span class='ocrx_word' id='word_1_263' title='bbox 207 2732 338 2815; x_wconf 85' lang='lat' dir='ltr'>quit</span> <span class='ocrx_word' id='word_1_264' title='bbox 365 2748 441 2791; x_wconf 81' lang='lat' dir='ltr'>ex</span> <span class='ocrx_word' id='word_1_265' title='bbox 463 2730 552 2792; x_wconf 90' lang='lat' dir='ltr'>eis</span> <span class='ocrx_word' id='word_1_266' title='bbox 571 2730 749 2791; x_wconf 85' lang='lat' dir='ltr'>uultis</span> <span class='ocrx_word' id='word_1_267' title='bbox 767 2730 826 2791; x_wconf 85' lang='lat' dir='ltr'>in</span> <span class='ocrx_word' id='word_1_268' title='bbox 843 2728 1048 2793; x_wconf 85' lang='lat' dir='ltr'>cenam</span> <span class='ocrx_word' id='word_1_269' title='bbox 1067 2728 1256 2791; x_wconf 86' lang='lat' dir='ltr'>statim</span> <span class='ocrx_word' id='word_1_270' title='bbox 1279 2726 1453 2793; x_wconf 77' lang='lat' dir='ltr'>fieri?</span> <span class='ocrx_word' id='word_1_271' title='bbox 1490 2726 1717 2811; x_wconf 76' lang='lat' dir='ltr'>ganum</span> <span class='ocrx_word' id='word_1_272' title='bbox 1752 2728 1913 2791; x_wconf 87' lang='lat' dir='ltr'>enim</span> <span class='ocrx_word' id='word_1_273' title='bbox 1950 2725 2077 2809; x_wconf 84' lang='lat' dir='ltr'>gal·</span> <span class='ocrx_word' id='word_1_274' title='bbox 2105 2742 2193 2814; x_wconf 74' lang='lat'>30</span> 
     </span>
     <span class='ocr_line' id='line_1_30' title="bbox 205 2802 2163 2897; baseline -0.003 -19"><span class='ocrx_word' id='word_1_275' title='bbox 205 2814 500 2877; x_wconf 88' lang='lat' dir='ltr'>linaceum</span> <span class='ocrx_word' id='word_1_276' title='bbox 525 2859 542 2885; x_wconf 87' lang='lat'>,</span> <span class='ocrx_word' id='word_1_277' title='bbox 586 2812 962 2897; x_wconf 76' lang='lat' dir='ltr'>penthiacum</span> <span class='ocrx_word' id='word_1_278' title='bbox 997 2813 1064 2875; x_wconf 76' lang='grc' dir='ltr'>δε</span> <span class='ocrx_word' id='word_1_279' title='bbox 1097 2811 1399 2873; x_wconf 75' lang='lat' dir='ltr'>eiusmodi</span> <span class='ocrx_word' id='word_1_280' title='bbox 1414 2810 1607 2874; x_wconf 81' lang='lat' dir='ltr'>nenias</span> <span class='ocrx_word' id='word_1_281' title='bbox 1626 2808 2081 2873; x_wconf 78' lang='lat' dir='ltr'>rusticifaciunt.</span> <span class='ocrx_word' id='word_1_282' title='bbox 2150 2802 2163 2811; x_wconf 50' lang='lat'>⁶</span> 
     </span>
     <span class='ocr_line' id='line_1_31' title="bbox 211 2891 2079 2961; baseline -0.005 -1"><span class='ocrx_word' id='word_1_283' title='bbox 211 2898 338 2961; x_wconf 86' lang='lat' dir='ltr'>mei</span> <span class='ocrx_word' id='word_1_284' title='bbox 353 2896 490 2957; x_wconf 87' lang='lat' dir='ltr'>coci</span> <span class='ocrx_word' id='word_1_285' title='bbox 505 2898 686 2959; x_wconf 86' lang='lat' dir='ltr'>etiam</span> <span class='ocrx_word' id='word_1_286' title='bbox 707 2894 932 2956; x_wconf 85' lang='lat' dir='ltr'>uitulos</span> <span class='ocrx_word' id='word_1_287' title='bbox 946 2910 1066 2958; x_wconf 86' lang='lat' dir='ltr'>eno</span> <span class='ocrx_word' id='word_1_288' title='bbox 1083 2892 1264 2957; x_wconf 69' lang='lat' dir='ltr'>cocto</span> <span class='ocrx_word' id='word_1_289' title='bbox 1281 2891 1473 2957; x_wconf 86' lang='lat' dir='ltr'>solent</span> <span class='ocrx_word' id='word_1_290' title='bbox 1484 2892 1703 2955; x_wconf 78' lang='lat' dir='ltr'>facere.</span> <span class='ocrx_word' id='word_1_291' title='bbox 1730 2891 2079 2955; x_wconf 79' lang='lat' dir='ltr'>Continuo-</span> 
     </span>
     <span class='ocr_line' id='line_1_32' title="bbox 209 2971 2079 3060; baseline -0.003 -22"><span class='ocrx_word' id='word_1_292' title='bbox 209 2998 328 3060; x_wconf 88' lang='lat' dir='ltr'>que</span> <span class='ocrx_word' id='word_1_293' title='bbox 342 2997 566 3041; x_wconf 89' lang='lat' dir='ltr'>cocum</span> <span class='ocrx_word' id='word_1_294' title='bbox 589 2977 792 3039; x_wconf 87' lang='lat' dir='ltr'>uocari</span> <span class='ocrx_word' id='word_1_295' title='bbox 809 2974 966 3039; x_wconf 83' lang='lat' dir='ltr'>iuffit</span> <span class='ocrx_word' id='word_1_296' title='bbox 985 2994 1002 3038; x_wconf 73' lang='grc' dir='ltr'><em>τ</em></span> <span class='ocrx_word' id='word_1_297' title='bbox 1025 2977 1092 3038; x_wconf 75' lang='grc' dir='ltr'>δε</span> <span class='ocrx_word' id='word_1_298' title='bbox 1109 2994 1230 3038; x_wconf 89' lang='lat' dir='ltr'>non</span> <span class='ocrx_word' id='word_1_299' title='bbox 1249 2975 1561 3059; x_wconf 67' lang='lat' dir='ltr'>expectata</span> <span class='ocrx_word' id='word_1_300' title='bbox 1578 2974 1867 3037; x_wconf 64' lang='lat' dir='ltr'>electione</span> <span class='ocrx_word' id='word_1_301' title='bbox 1882 2971 2079 3035; x_wconf 83' lang='lat' dir='ltr'>nostra</span> 
     </span>
     <span class='ocr_line' id='line_1_33' title="bbox 209 3053 2077 3141; baseline -0.001 -22"><span class='ocrx_word' id='word_1_302' title='bbox 209 3062 544 3125; x_wconf 83' lang='lat' dir='ltr'>maximum</span> <span class='ocrx_word' id='word_1_303' title='bbox 567 3076 704 3123; x_wconf 87' lang='lat' dir='ltr'>natu</span> <span class='ocrx_word' id='word_1_304' title='bbox 723 3058 880 3123; x_wconf 86' lang='lat' dir='ltr'>iuffit</span> <span class='ocrx_word' id='word_1_305' title='bbox 897 3057 1185 3132; x_wconf 84' lang='lat' dir='ltr'>occidi,&amp;</span> <span class='ocrx_word' id='word_1_306' title='bbox 1201 3058 1363 3122; x_wconf 79' lang='lat' dir='ltr'>clara</span> <span class='ocrx_word' id='word_1_307' title='bbox 1378 3075 1533 3121; x_wconf 89' lang='lat' dir='ltr'>uoce</span> <span class='ocrx_word' id='word_1_308' title='bbox 1546 3075 1625 3121; x_wconf 82' lang='lat' dir='ltr'>ex</span> <span class='ocrx_word' id='word_1_309' title='bbox 1638 3074 1823 3141; x_wconf 84' lang='lat' dir='ltr'>quota</span> <span class='ocrx_word' id='word_1_310' title='bbox 1837 3053 2077 3119; x_wconf 76' lang='lat' dir='ltr'>decuria</span> 
     </span>
     <span class='ocr_line' id='line_1_34' title="bbox 209 3138 2199 3237; baseline -0.003 -34"><span class='ocrx_word' id='word_1_311' title='bbox 209 3142 319 3234; x_wconf 40' lang='lat' dir='ltr'>es?-</span> <span class='ocrx_word' id='word_1_312' title='bbox 355 3159 496 3235; x_wconf 77' lang='lat' dir='ltr'>cnm</span> <span class='ocrx_word' id='word_1_313' title='bbox 515 3140 692 3237; x_wconf 75' lang='lat' dir='ltr'>illese</span> <span class='ocrx_word' id='word_1_314' title='bbox 711 3163 788 3206; x_wconf 81' lang='lat' dir='ltr'>ex</span> <span class='ocrx_word' id='word_1_315' title='bbox 821 3140 1263 3226; x_wconf 73' lang='lat' dir='ltr'>quadragesima</span> <span class='ocrx_word' id='word_1_316' title='bbox 1297 3138 1700 3237; x_wconf 66' lang='lat' dir='ltr'>respontliffen</span> <span class='ocrx_word' id='word_1_317' title='bbox 1762 3158 1857 3203; x_wconf 86' lang='lat' dir='ltr'>em</span> <span class='ocrx_word' id='word_1_318' title='bbox 1880 3139 2075 3231; x_wconf 23' lang='lat' dir='ltr'>‘titius</span> <span class='ocrx_word' id='word_1_319' title='bbox 2098 3150 2199 3227; x_wconf 77' lang='lat'>35-</span> 
     </span>
     <span class='ocr_line' id='line_1_35' title="bbox 209 3223 2088 3389; baseline -0.004 -21"><span class='ocrx_word' id='word_1_320' title='bbox 209 3224 1861 3389; x_wconf 52' lang='lat' dir='ltr'>3332323232233533013325003132‘122352521’d</span> <span class='ocrx_word' id='word_1_321' title='bbox 1869 3223 2088 3387; x_wconf 54' lang='lat'>5222:</span> 
     </span>
     <span class='ocr_line' id='line_1_36' title="bbox 211 3385 2074 3468; baseline -0.001 -18"><span class='ocrx_word' id='word_1_322' title='bbox 211 3406 306 3451; x_wconf 87' lang='lat' dir='ltr'>ter</span> <span class='ocrx_word' id='word_1_323' title='bbox 322 3404 532 3468; x_wconf 84' lang='lat' dir='ltr'>ponas.</span> <span class='ocrx_word' id='word_1_324' title='bbox 567 3385 606 3451; x_wconf 83' lang='lat' dir='ltr'><strong>fi</strong></span> <span class='ocrx_word' id='word_1_325' title='bbox 629 3406 770 3449; x_wconf 87' lang='lat' dir='ltr'>non.</span> <span class='ocrx_word' id='word_1_326' title='bbox 807 3404 868 3450; x_wconf 88' lang='lat' dir='ltr'>te</span> <span class='ocrx_word' id='word_1_327' title='bbox 883 3389 1104 3453; x_wconf 88' lang='lat' dir='ltr'>iubebo</span> <span class='ocrx_word' id='word_1_328' title='bbox 1121 3392 1180 3453; x_wconf 91' lang='lat' dir='ltr'>in</span> <span class='ocrx_word' id='word_1_329' title='bbox 1195 3391 1497 3454; x_wconf 87' lang='lat' dir='ltr'>decuriam</span> <span class='ocrx_word' id='word_1_330' title='bbox 1516 3391 1809 3453; x_wconf 86' lang='lat' dir='ltr'>uiatorum</span> <span class='ocrx_word' id='word_1_331' title='bbox 1832 3388 2074 3451; x_wconf 75' lang='lat' dir='ltr'>coniici-</span> 
     </span>
     <span class='ocr_line' id='line_1_37' title="bbox 212 3468 2075 3552; baseline -0.004 -17"><span class='ocrx_word' id='word_1_332' title='bbox 212 3468 538 3552; x_wconf 77' lang='lat' dir='ltr'>&amp;quidem</span> <span class='ocrx_word' id='word_1_333' title='bbox 561 3488 780 3529; x_wconf 83' lang='lat' dir='ltr'>cocum</span> <span class='ocrx_word' id='word_1_334' title='bbox 804 3472 1070 3551; x_wconf 83' lang='lat' dir='ltr'>potentia</span> <span class='ocrx_word' id='word_1_335' title='bbox 1089 3472 1467 3535; x_wconf 86' lang='lat' dir='ltr'>admonitum</span> <span class='ocrx_word' id='word_1_336' title='bbox 1492 3474 1549 3535; x_wconf 89' lang='lat' dir='ltr'>in</span> <span class='ocrx_word' id='word_1_337' title='bbox 1568 3474 1821 3534; x_wconf 84' lang='lat' dir='ltr'>cul-inam</span> <span class='ocrx_word' id='word_1_338' title='bbox 1840 3468 2075 3530; x_wconf 87' lang='lat' dir='ltr'>obsoni-</span> 
     </span>
    </p>
   </div>
   <div class='ocr_carea' id='block_1_4' title="bbox 10 3550 2195 3641">
    <p class='ocr_par' dir='ltr' id='par_1_6' title="bbox 10 3550 2195 3641">
     <span class='ocr_line' id='line_1_38' title="bbox 10 3550 2195 3641; baseline -0.002 -26"><span class='ocrx_word' id='word_1_339' title='bbox 10 3620 13 3627; x_wconf 57' lang='lat'><em>,</em></span> <span class='ocrx_word' id='word_1_340' title='bbox 80 3550 93 3565; x_wconf 88' lang='lat'><em>&#39;</em></span> <span class='ocrx_word' id='word_1_341' title='bbox 211 3574 316 3623; x_wconf 84' lang='lat' dir='ltr'>um</span> <span class='ocrx_word' id='word_1_342' title='bbox 335 3552 526 3613; x_wconf 85' lang='lat' dir='ltr'>duxit.</span> <span class='ocrx_word' id='word_1_343' title='bbox 568 3552 914 3613; x_wconf 83' lang='lat' dir='ltr'>trimalchio</span> <span class='ocrx_word' id='word_1_344' title='bbox 933 3570 1134 3615; x_wconf 84' lang='lat' dir='ltr'>autem</span> <span class='ocrx_word' id='word_1_345' title='bbox 1155 3556 1286 3616; x_wconf 86' lang='lat' dir='ltr'>miti</span> <span class='ocrx_word' id='word_1_346' title='bbox 1305 3558 1383 3617; x_wconf 77' lang='lat' dir='ltr'>ad</span> <span class='ocrx_word' id='word_1_347' title='bbox 1404 3574 1515 3615; x_wconf 83' lang='lat' dir='ltr'>nos</span> <span class='ocrx_word' id='word_1_348' title='bbox 1534 3554 1699 3615; x_wconf 84' lang='lat' dir='ltr'>uultu</span> <span class='ocrx_word' id='word_1_349' title='bbox 1716 3552 1987 3633; x_wconf 71' lang='lat' dir='ltr'>respexit.</span> <span class='ocrx_word' id='word_1_350' title='bbox 2008 3550 2073 3611; x_wconf 79' lang='grc' dir='ltr'>δε</span> <span class='ocrx_word' id='word_1_351' title='bbox 2094 3572 2195 3641; x_wconf 67' lang='lat'>40.</span> 
     </span>
    </p>
   </div>
   <div class='ocr_carea' id='block_1_5' title="bbox 211 3632 2073 3716">
    <p class='ocr_par' dir='ltr' id='par_1_7' title="bbox 211 3632 2073 3716">
     <span class='ocr_line' id='line_1_39' title="bbox 211 3632 2073 3716; baseline -0.002 -19"><span class='ocrx_word' id='word_1_352' title='bbox 211 3638 414 3697; x_wconf 84' lang='lat' dir='ltr'>ninum</span> <span class='ocrx_word' id='word_1_353' title='bbox 433 3634 616 3715; x_wconf 85' lang='lat' dir='ltr'>inquit</span> <span class='ocrx_word' id='word_1_354' title='bbox 635 3633 674 3697; x_wconf 78' lang='lat' dir='ltr'>st</span> <span class='ocrx_word' id='word_1_355' title='bbox 696 3652 814 3693; x_wconf 87' lang='lat' dir='ltr'>non</span> <span class='ocrx_word' id='word_1_356' title='bbox 836 3632 1028 3713; x_wconf 81' lang='lat' dir='ltr'>placet</span> <span class='ocrx_word' id='word_1_357' title='bbox 1047 3634 1319 3697; x_wconf 85' lang='lat' dir='ltr'>mutabo.</span> <span class='ocrx_word' id='word_1_358' title='bbox 1360 3652 1471 3697; x_wconf 84' lang='lat' dir='ltr'>uos</span> <span class='ocrx_word' id='word_1_359' title='bbox 1486 3635 1633 3696; x_wconf 88' lang='lat' dir='ltr'>illud</span> <span class='ocrx_word' id='word_1_360' title='bbox 1658 3650 1941 3716; x_wconf 85' lang='lat' dir='ltr'>opportet</span> <span class='ocrx_word' id='word_1_361' title='bbox 1961 3634 2073 3694; x_wconf 89' lang='lat' dir='ltr'>bo·</span> 
     </span>
    </p>
   </div>
   <div class='ocr_carea' id='block_1_6' title="bbox 211 3713 2099 3865">
    <p class='ocr_par' dir='ltr' id='par_1_8' title="bbox 211 3713 2099 3865">
     <span class='ocr_line' id='line_1_40' title="bbox 211 3713 2099 3863; baseline -0.003 -80"><span class='ocrx_word' id='word_1_362' title='bbox 211 3738 354 3783; x_wconf 81' lang='lat' dir='ltr'>num</span> <span class='ocrx_word' id='word_1_363' title='bbox 375 3716 664 3783; x_wconf 69' lang='lat' dir='ltr'>faciatis-d</span> <span class='ocrx_word' id='word_1_364' title='bbox 671 3734 878 3779; x_wconf 84' lang='lat' dir='ltr'>eorum</span> <span class='ocrx_word' id='word_1_365' title='bbox 899 3713 1329 3863; x_wconf 58' lang='lat' dir='ltr'>beneficiolgon</span> <span class='ocrx_word' id='word_1_366' title='bbox 1344 3716 1608 3780; x_wconf 72' lang='lat' dir='ltr'>emo-sed</span> <span class='ocrx_word' id='word_1_367' title='bbox 1628 3736 1781 3781; x_wconf 83' lang='lat' dir='ltr'>nunc</span> <span class='ocrx_word' id='word_1_368' title='bbox 1795 3716 2099 3859; x_wconf 58' lang='lat' dir='ltr'>quicquig„</span> 
     </span>
     <span class='ocr_line' id='line_1_41' title="bbox 229 3814 2025 3865; baseline 0.001 -18"><span class='ocrx_word' id='word_1_369' title='bbox 229 3838 252 3847; x_wconf 82' lang='lat'>-</span> <span class='ocrx_word' id='word_1_370' title='bbox 477 3842 484 3849; x_wconf 88' lang='lat'>.</span> <span class='ocrx_word' id='word_1_371' title='bbox 1279 3814 1325 3865; x_wconf 74' lang='lat'>2</span> <span class='ocrx_word' id='word_1_372' title='bbox 1990 3819 2025 3863; x_wconf 57' lang='lat' dir='ltr'><strong>a</strong></span> 
     </span>
    </p>
   </div>
   <div class='ocr_carea' id='block_1_7' title="bbox 203 1899 2354 2049">
    <p class='ocr_par' dir='ltr' id='par_1_9' title="bbox 203 1899 2354 2049">
     <span class='ocr_line' id='line_1_42' title="bbox 203 1899 2354 2049; baseline -0.003 -84"><span class='ocrx_word' id='word_1_373' title='bbox 203 1902 427 2049; x_wconf 47' lang='lat' dir='ltr'>{nisse</span> <span class='ocrx_word' id='word_1_374' title='bbox 445 1950 462 1975; x_wconf 91' lang='lat'>,</span> <span class='ocrx_word' id='word_1_375' title='bbox 487 1905 636 1967; x_wconf 87' lang='lat' dir='ltr'>dum</span> <span class='ocrx_word' id='word_1_376' title='bbox 658 1903 872 1967; x_wconf 83' lang='lat' dir='ltr'>nolunt</span> <span class='ocrx_word' id='word_1_377' title='bbox 895 1901 998 1967; x_wconf 80' lang='lat' dir='ltr'>libi</span> <span class='ocrx_word' id='word_1_378' title='bbox 1019 1922 1225 1965; x_wconf 84' lang='lat' dir='ltr'>uerum</span> <span class='ocrx_word' id='word_1_379' title='bbox 1243 1902 1467 1965; x_wconf 83' lang='lat' dir='ltr'>dicere.</span> <span class='ocrx_word' id='word_1_380' title='bbox 1504 1905 1731 1981; x_wconf 81' lang='lat' dir='ltr'>gracias</span> <span class='ocrx_word' id='word_1_381' title='bbox 1748 1902 1978 1984; x_wconf 77' lang='lat' dir='ltr'>agimus</span> <span class='ocrx_word' id='word_1_382' title='bbox 1999 1899 2067 1960; x_wconf 83' lang='lat' dir='ltr'>li·</span> <span class='ocrx_word' id='word_1_383' title='bbox 2094 1908 2185 1961; x_wconf 75' lang='lat'>20</span> <span class='ocrx_word' id='word_1_384' title='bbox 2310 1932 2314 1936; x_wconf 22' lang='grc' dir='ltr'><strong>Δ</strong></span> <span class='ocrx_word' id='word_1_385' title='bbox 2347 1925 2354 1931; x_wconf 91' lang='grc'>·</span> 
     </span>
    </p>
   </div>
  </div>
 </body>
</html>
