2634 4509
671 228 1683 299 APOLOGIA.
2103 250 2183 319 ,ῃ

204 341 401 406 otium
416 336 847 405 considerabis:
875 341 1157 424 nimisque
1179 358 1363 424 praece
1410 360 1439 404 s
1476 354 1643 403 tuum
1682 336 1969 422 judicium
2006 338 2193 401 dama

202 431 354 505 ‘enfin
371 426 460 485 hoc
475 424 872 505 mofragmemo
891 428 1130 502 infir-udo
1149 425 1337 485 damn
1416 424 1486 487 is·
1647 428 1657 438 ’

283 507 450 584 Quid
471 523 623 568 nunc
643 554 660 579 ‚
701 505 768 567 P.
790 506 868 569 C.
886 508 1154 590 pluribus
1172 507 1288 583 jam
1304 506 1515 569 attinet
1547 504 1859 570 immorari
1886 504 1949 567 in
1967 502 2191 581 verbis,

206 588 564 651 &formulis
584 634 603 661 ,
639 588 706 651 διε
725 590 939 671 reliqua
961 588 1154 672 scripti
1175 588 1345 665 hujus
1362 587 1627 651 dictione
1648 636 1667 665 ,
1705 586 1863 651 unde
1898 587 2021 651 suas
2036 606 2193 649 con-

203 670 454 751 jectum
471 672 774 751 preclarus
803 672 1168 753 antiquitatis
1201 670 1476 754 mag'ister
1507 675 1583 733 ad
1618 690 1721 737 me
1755 671 2191 735 traducendum

205 754 454 817 deducit
467 752 498 815 ἓ
536 750 856 817 Praesertim
879 755 1026 817 verb
1044 754 1208 837 quod
1233 754 1380 816 hanc
1422 772 1653 836 partem
1672 774 1819 819 mea.-
1834 752 2192 818 defensionis

205 834 440 899 executi
456 837 694 919 egregie
713 834 839 899 sunt
861 834 1310 899 viridofiiffimi
1344 836 1664 920 populares
1700 837 1827 915 ejus
1848 884 1865 911 ,
1905 836 2194 931 qui-inge-

163 942 168 946 ·
201 922 366 983 nium
381 916 720 997 industriam
765 936 838 981 ue
857 916 1015 981 suam
1037 936 1134 981 tot
1154 918 1332 980 editis
1352 916 1635 1001 operibus
1654 920 1925 986 nobilem
1947 965 1965 990 ‚
1998 940 2059 983 in
2078 937 2196 981 vo-

205 1002 378 1065 cibus
417 1020 564 1083 quas
605 1001 708 1063 ille
787 998 1026 1065 arbaras
1060 1001 1125 1064 δε
1143 1000 1505 1064 monstrosas
1540 1000 1697 1067 &ne
1732 1001 2019 1067 humanas
2053 1000 2192 1085 qui,-

206 1086 352 1147 dem
386 1082 642 1165 appellat
681 1129 698 1157 ,
741 1084 962 1169 partim
998 1084 1376 1166 corrigendis
1412 1084 1479 1147 &
1513 1082 1879 1147 restituendis
1909 1130 1927 1159 ,
2011 1084 2194 1147 artim

207 1164 518 1230 afferendis
543 1212 562 1240 ,
591 1166 656 1231 &
675 1166 913 1229 excuffo
930 1167 1248 1250 diligenter
1267 1165 1487 1230 Latina.-
1502 1167 1708 1247 lingua
1748 1166 1952 1229 univer
1978 1186 2019 1228 o
2036 1182 2197 1249 penu

206 1250 316 1313 suae
336 1247 568 1312 notioni
587 1251 912 1313 reddendis
945 1246 1274 1313 seliciffime
1307 1248 1707 1321 collocavere.
1760 1248 1901 1313 Nec
1937 1247 2196 1311 omnino

207 1332 355 1398 nihil
373 1330 621 1395 meritus
639 1330 748 1395 effe
764 1334 872 1395 hac
891 1331 968 1393 de
983 1352 1052 1394 re
1069 1332 1218 1396 visus
1237 1330 1322 1393 est
1340 1328 1704 1415 subscriptor
1716 1331 1871 1395 illius
1893 1328 2152 1395 Valesius
2168 1352 2195 1407 ς

206 1410 1870 1581 ssxssbffssfflz'ssffiz'gt,{2235553fi3222512229530'i13?
1888 1414 2197 1580 2:132&ss

210 1582 448 1643 unicam
465 1578 645 1644 filiam
665 1580 1043 1643 exosculatur
1074 1580 1216 1643 &in
1237 1579 1355 1643 sinu
1392 1578 1567 1641 habet
1588 1626 1605 1654 ,
1646 1596 1711 1642 ut
1743 1578 2012 1663 scriptori
2054 1592 2201 1641 ante

206 1662 267 1729 se
305 1658 366 1723 C
386 1658 446 1723 C
466 1658 547 1724 C.
591 1662 842 1745 amplius
861 1682 1048 1725 annos
1069 1680 1212 1725 nato
1228 1661 1370 1726 furti
1391 1661 1657 1725 litterarii
1693 1662 1858 1725 litem
1876 1664 2148 1725 intendat
2168 1674 2193 1723 ε

251 1743 362 1805 uali
381 1765 506 1827 quae
521 1744 596 1807 ab
614 1764 694 1806 eo
709 1744 996 1808 didicisset
1013 1764 1126 1829 pro
1139 1744 1246 1809 suo
1265 1744 1591 1808 venditaret
1614 1762 1632 1808 :
1662 1764 1843 1827 quem
1860 1745 2037 1807 etiam
2057 1758 2199 1826 pro-

205 1766 404 1891 secifl'e
419 1826 727 1890 contendit
743 1829 781 1889 ὲ
797 1826 1118 1891 clarissimo
1137 1830 1268 1891 viro
1285 1824 1467 1891 fratre
1487 1827 1592 1890 suo
1616 1874 1633 1901 ,
1671 1828 1811 1891 cum
1828 1828 2031 1913 epulas
2064 1823 2199 1890 illas

211 1908 677 1977 Trimalchionis
691 1932 882 1975 (Μ
899 1912 1106 1972 liberam
1123 1912 1474 1975 nominavit.
1504 1908 1647 1985 Sed,
1668 1927 1735 1973 ut
1752 1912 1873 1989 iam
1890 1908 2197 1984 dixi‚hanc

176 1998 182 2009 “
213 2012 362 2056 meae
377 1990 557 2057 causoe
573 2010 798 2076 partem
834 1988 972 2055 satis
1004 1992 1238 2055 idoneis
1255 1988 1667 2055 defensoribus
1683 1990 2003 2059 curandam
2024 1988 2199 2055 relin-

207 2094 353 2157 que,
377 2093 482 2137 nec
505 2094 734 2148 vereor,
771 2072 840 2137 P.
862 2074 942 2137 C.
973 2094 1048 2139 ne
1065 2074 1305 2140 illorum
1324 2075 1569 2139 addud'ti
1585 2074 1940 2139 auetoritate
1958 2074 2070 2137 sine
2085 2070 2201 2135 du·

200 2158 496 2221 bitatione
513 2158 670 2241 apud
693 2176 804 2219 vos
821 2176 939 2221 non
957 2157 1222 2221 statuatis
1236 2206 1258 2231 ‚
1294 2159 1437 2221 nibil
1476 2158 1639 2221 aliud
1654 2156 1765 2223 effe
1799 2158 1980 2222 causae
2026 2148 2199 2240 quod

207 2240 558 2319 conjectura
593 2239 811 2334 talium·
825 2242 884 2303 in
961 2241 1198 2336 nicrum
1221 2258 1347 2304 tam
1383 2240 1547 2305 belle
1562 2260 1703 2317 cum
1722 2241 1839 2337 hoc
1856 2240 2199 2333 fragmento

206 2326 1588 2499 {3231‘1322222‘2022szzssuzisssffisffsss‘g
1590 2322 1967 2480 fflssu‘iissst‘f?
2003 2318 2203 2467 ‚¹5:2¹2

208 2483 386 2569 stigiis
399 2489 476 2550 ad
497 2505 622 2553 tam
641 2490 950 2551 recondita
971 2488 1308 2554 Latinitatis
1325 2508 1535 2553 arcana
1546 2490 1844 2573 pervenire
1858 2483 2159 2574 potuisset·

297 2570 557 2652 Nequeo
577 2588 774 2634 tamen
794 2572 940 2634 mibi
974 2588 1309 2654 temperare
1327 2573 1467 2656 quin
1503 2575 1582 2635 ad
1620 2588 1687 2635 ea
1722 2590 1846 2655 quae
1862 2572 1940 2634 de
1952 2569 2201 2653 loquen-

210 2653 276 2717 di
310 2652 656 2747 quibusdam
691 2652 964 2717 formulis
1027 2654 1363 2737 petulanter
1400 2654 1467 2717 δε
1500 2654 1757 2719 absurde
1790 2652 1987 2734 jactari
2022 2646 2204 2716 video

161 2780 170 2785 -
209 2754 408 2821 paucis
461 2736 848 2832 respondeam
871 2782 888 2810 ,
929 2754 1038 2801 nec
1057 2738 1130 2801 iis
1164 2752 1483 2801 contentus
1518 2737 1622 2804 snm
1661 2756 1789 2823 quae
1822 2738 1940 2816 jam
1980 2734 2061 2798 de
2076 2732 2199 2797 hoc

218 2837 363 2881 toto
382 2838 670 2902 generem
690 2836 887 2881 meam
911 2822 988 2881 ad
1010 2820 1401 2884 Mocenicum
1420 2820 1722 2905 epistolam
1742 2815 2029 2903 congesti.

293 2900 446 2965 Non
465 2900 695 2982 placent
713 2903 927 2964 critico
945 2903 1044 2967 illa
1061 2902 1238 2967 verba
1255 2926 1389 2965 unus
1414 2910 1591 2983 servus
1624 2904 2017 2985 Agamemnonis
2032 2900 2199 2963 inter-

203 2986 424 3062 pellavit
437 2986 756 3065 trepidantes.
799 2979 1012 3047 Credo
1033 3032 1050 3059 ,
1089 2984 1415 3068 elegantius
1447 2984 1711 3051 futurum
1731 2982 1894 3050 suiss'e
1950 2997 2083 3047 urat
2104 3027 2122 3055 ‚
2156 2976 2201 3045 fi

211 3064 442 3127 dixisset
462 3114 478 3137 ,
521 3068 766 3147 quidam
787 3066 984 3131 servus
1001 3068 1471 3149 Agamemnonis
1508 3087 1619 3131 nos
1652 3068 1905 3153 interpel
1964 3065 2072 3129 vit.
2110 3062 2195 3125 At

208 3148 448 3229 placent
468 3146 692 3211 Tacito
714 3196 730 3221 ,
775 3152 876 3233 qui
911 3148 967 3212 se
985 3148 1116 3215 sitris
1133 3148 1342 3214 Latine
1374 3151 1645 3215 locutum
1682 3150 1973 3215 existimat
1994 3194 2013 3223 ,
2054 3148 2201 3211 cum

210 3228 384 3297 dixit,
407 3231 574 3291 eodan
592 3254 748 3305 anno,
777 3236 836 3293 εἰ
850 3239 1051 3295 matur)
1062 3233 1371 3313 subventum
1377 3235 1515 3315 foret
1536 3280 1555 3309 ,
1574 3236 1809 3315 mnapii
1823 3232 1977 3295 unius
1990 3231 2204 3292 audacia

209 3314 464 3390 discordiis
483 3316 732 3393 armsspue
749 3314 986 3379 civilibus
1003 3328 1180 3394 Remp·
1212 3320 1495 3399 perculiffit.
1536 3315 1739 3382 Placet
1758 3314 2045 3379 Ciceroni
2065 3358 2083 3386 ‚
2100 3310 2206 3399 qul

209 3396 270 3457 in
290 3392 682 3476 disputatione
721 3393 818 3457 De
835 3397 1108 3461 Oratore
1133 3395 1401 3462 Crafl‘um
1421 3422 1585 3463 unm
1616 3418 1813 3480 patrem
1834 3399 2072 3480 santilim
2090 3440 2107 3463 .
2144 3394 2205 3457 in

211 3472 548 3558 Philippicis
569 3470 662 3539 M.
687 3476 1014 3543 Antonium
1056 3502 1219 3543 mum
1249 3485 1579 3561 gladiatorem
1614 3478 1967 3562 mquiffimum
1997 3476 2208 3561 appel-

211 3558 330 3630 lat,
372 3575 566 3640 eoque
599 3558 880 3641 loquendi
904 3570 1127 3642 ‘genere
1161 3580 1284 3625 non
1317 3562 1673 3627 neceffimis
1701 3609 1719 3635 ,
1764 3564 1868 3627 sed
1903 3561 2205 3645 elegant-ia:

211 3636 382 3704 causa
404 3639 612 3703 multis
627 3640 752 3703 aliis
769 3642 826 3703 in
847 3641 1002 3708 locis
1017 3642 1273 3709 libenter
1291 3646 1499 3709 utitur.
1532 3644 1754 3731 ,Etiam
1792 3640 2048 3713 Catullo
2081 3643 2209 3728 pla-

212 3740 328 3802 αι,
351 3724 444 3790 cui
461 3742 654 3807 novus
683 3723 778 3787 hic

496 3810 720 3887 Saffum
738 3828 869 3873 ms
885 3812 1240 3892 caprimulgus.
1259 3808 1481 3895 “Mon

2044 3885 2219 3956 vide-
