2634 4509
605 408 692 472 de
709 422 776 469 re
796 413 997 469 tamen
1013 419 1130 484 ego
1149 410 1357 466 uerum
1378 400 1581 467 dicam
1605 448 1625 476 ,
1660 400 1762 485 qni
1798 401 2060 486 lingnam
2078 404 2349 473 carritum
2368 406 2484 473 eon'

607 488 801 557 medi.
831 489 985 550 dure
1001 486 1192 547 bucce
1209 485 1343 547 fuit.
1376 483 1672 569 linguosus
1692 484 1989 550 discordia
2007 508 2128 555 non
2148 492 2339 555 homo
2358 492 2485 555 fra-

607 589 704 637 ter
719 574 848 635 eius
863 569 1040 632 fortis
1063 566 1175 631 fuit
1188 570 1421 631 amicus
1444 568 1667 631 amico·
1712 589 1891 632 manu
1930 571 2099 635 unita
2118 574 2288 655 plena
2307 592 2484 637 mena·

605 654 666 720 sa
685 702 704 731 ,
746 655 984 717 &inter
999 652 1172 715 inicia
1209 652 1429 715 malam
1470 670 1699 735 parram
1738 652 1968 735 pilauit.
2021 654 2121 717 sed
2146 657 2485 720 recorrexit

549 742 590 813 ς
608 737 798 801 costas
815 735 972 799 illius
991 736 1184 815 prima
1201 736 1524 797 uindemia.
1580 733 1851 798 uendidit
1884 737 2043 798 enim
2066 739 2265 801 uinum
2286 758 2483 822 quan-

608 836 742 883 tum
757 816 877 903 ipse
897 818 1114 881 uoluit.
1167 818 1234 879 δε
1267 822 1433 901 quod
1470 817 1625 880 illius
1661 834 1928 882 mentum
1948 818 2162 884 sustulit
2182 822 2487 884 heredita-

607 918 738 966 tem
752 903 1002 983 accepit.
1061 919 1138 963 ex
1155 920 1268 983 qua
1285 901 1421 983 plus
1457 900 1747 963 inuolauit
1782 918 1963 984 quam
1983 902 2067 964 ini
2088 902 2357 967 relietum
2376 902 2483 969 est·

607 980 946 1066 &inestips
963 984 1107 1045 dum
1126 983 1294 1047 fratri
1315 982 1419 1045 suo
1434 981 1705 1047 irascitur
1725 1030 1744 1058 ,
1786 982 1981 1047 nescio
2015 986 2115 1049 cui
2154 994 2314 1051 terre
2348 985 2481 1050 filio

649 1067 1032 1130 atrimonium
1051 1067 1141 1127 ele
1187 1068 1330 1129 nuit.
1366 1066 1545 1147 longe
1562 1064 1696 1129 fuit.
1732 1067 1995 1149 quisquis
2014 1067 2147 1130 suos
2166 1068 2340 1152 fugit.
2371 1069 2481 1133 ha-

499 1154 589 1206 to
651 1152 739 1213 nit
755 1162 952 1210 autem
973 1166 1156 1211 oracu
1180 1149 1339 1211 arios
1356 1146 1557 1210 seruos
1577 1196 1593 1221 ‚
1615 1151 1715 1233 qtii
1734 1148 1900 1211 illurn
1920 1148 2141 1230 peflnm
2159 1150 2481 1217 dederunt.

605 1248 904 1315 nunquam
923 1246 1122 1327 autern
1141 1230 1302 1293 reste
1316 1229 1499 1293 faciet
1514 1233 1614 1313 qui
1652 1233 1779 1295 cito
1810 1232 2021 1295 credit.
2074 1236 2277 1319 utique
2296 1236 2479 1298 hom-⁶

605 1332 1107 1490 3223232555,
1123 1331 1575 1469 {35303222‘32
1616 1311 2354 1481 ssfflifssffss‘izffaem
2368 1320 2483 1464 21¹3}

605 1501 680 1547 ns
698 1526 717 1554 ,
755 1481 813 1542 in
827 1496 1005 1541 manu
1023 1478 1176 1541 illins
1195 1475 1505 1563 plumbum
1525 1498 1730 1543 aurum
1748 1478 1951 1543 fiebat.
1986 1479 2160 1545 facile
2174 1482 2255 1545 est
2269 1500 2479 1546 autem

507 1566 588 1634 15
611 1564 712 1629 ubi
732 1562 938 1624 omnia
997 1560 1239 1625 uadrata
1261 1578 1529 1627 currunt.
1576 1563 1644 1627 δι
1674 1564 1837 1646 quod
1878 1574 2049 1644 putas
2085 1564 2249 1628 illum
2286 1584 2478 1628 annos

605 1645 799 1713 secum
832 1644 936 1705 tuli
981 1662 1016 1705 e
1053 1644 1412 1727 septuap‘nta
1432 1692 1451 1719 ,
1488 1646 1552 1708 &
1590 1647 1779 1727 supra.
1834 1644 1933 1709 sed
1982 1648 2306 1711 corneolus
2341 1647 2477 1711 fuit.

605 1744 865 1795 aetatem
899 1726 1050 1789 bene
1081 1726 1318 1790 ferebat
1358 1729 1522 1811 niger
1557 1746 1831 1811 tanquam
1868 1746 2109 1793 coruus.
2180 1749 2473 1795 noueram

606 1812 918 1876 hominem
952 1810 1104 1872 olim
1139 1810 1425 1873 oliorum.
1464 1814 1531 1874 δι
1568 1814 1763 1874 adhuc
1804 1812 1963 1875 salax
1994 1830 2144 1880 erat.
2202 1812 2353 1877 Non
2372 1830 2476 1876 me

607 1892 874 1959 hercules
891 1892 1222 1977 illum-puto
1236 1894 1293 1955 in
1311 1893 1507 1959 domo
1522 1912 1728 1957 canem
1750 1893 2049 1979 reliquisti».
2070 1896 2268 1960 immo
2282 1898 2473 1961 etiam

497 1976 588 2029 20
647 1976 1080 2039 uenatiuserat.
1113 1976 1310 2039 omnis
1330 1979 1594 2039 minerue
1610 1978 1825 2039 homo,
1860 1996 1969 2039 nec
2003 1980 2307 2063 improbo.
2350 1981 2474 2041 hoc

605 1998 798 2127 folum
815 2058 974 2122 enim
993 2058 1191 2121 secum
1211 2059 1372 2121 tulit.
1411 2060 1523 2120 hec
1564 2058 1822 2140 philetos
1854 2060 2029 2124 dixit.
2066 2063 2169 2126 illa
2204 2062 2477 2146 ganime-

605 2144 718 2207 des
735 2152 938 2205 namt
951 2184 969 2212 ,
1005 2140 1058 2203 is
1073 2142 1240 2224 qund
1261 2159 1367 2203 nec
1383 2142 1462 2203 ad
1482 2144 1680 2205 celum
1700 2160 1804 2223 nec
1822 2140 1898 2205 ad
1934 2159 2159 2208 terram
2200 2146 2480 2226 pertinet.

609 2244 751 2291 cum
772 2224 1010 2287 interim
1031 2240 1214 2287 nemo
1228 2240 1399 2287 curat
1416 2226 1567 2306 quid·
1593 2244 1827 2287 annona
1862 2229 2127 2289 mordet.
2184 2226 2334 2291 Non
2374 2243 2475 2289 me

603 2306 844 2373 hecules
863 2306 1042 2368 hodie
1059 2305 1274 2369 bucam
1309 2309 1473 2388 panis
1510 2308 1767 2372 inuenire
1804 2310 1996 2390 potui.
2054 2311 2120 2373 &
2153 2309 2475 2392 quomodo

365 2440 380 2485 ὲ
495 2391 585 2465 25
607 2391 836 2459 siccitas
849 2387 1198 2483 perseuerat.
1237 2390 1357 2452 iam
1376 2405 1593 2453 annum
1631 2389 1847 2453 esuriet
1891 2390 2021 2455 fuit.
2058 2394 2281 2457 aediles
2316 2392 2475 2457 male

604 2472 842 2539 eueniat
855 2484 956 2555 qm
971 2490 1111 2534 cum
1131 2470 1439 2550 pistoribus
1458 2473 1771 2536 collndnnt
1790 2472 1950 2536 serua
1968 2486 2087 2540 me.
2124 2472 2371 2540 sernabo
2390 2480 2475 2536 te.

607 2560 810 2638 itaque
828 2553 1082 2637 populus
1109 2557 1373 2617 minutus
1388 2555 1641 2619 laborat.
1682 2572 1817 2619 nam
1853 2556 1939 2621 isti
1958 2560 2215 2622 maiores
2235 2556 2476 2621 maxine

607 2640 844 2735 semper
859 2634 1167 2733 {atnrqalia
1181 2656 1384 2733 agunt.
1422 2642 1465 2699 ὸ
1481 2638 1519 2701 fi
1542 2638 1891 2735 baberemns
1924 2642 2061 2736 illos
2097 2640 2299 2705 leones
2318 2658 2475 2723 quos

500 2808 590 2883 30
608 2722 2476 2889 ἓξηοίῙῗὲείίιὲἰῗὶεειῃίιηῖξέοἰῗεωέεπῖἒτῖῗὃῦῖεῐὶᾚοιειᾞέῐεῧῗρὲῗξιξὲ

608 2906 676 2953 ut
691 2888 803 2953 illis
821 2886 1036 2970 iupiter
1053 2888 1237 2950 iratus
1253 2885 1395 2949 effet
1414 2886 1509 2950 sed
1547 2888 1789 2952 memini
1826 2887 2107 2952 safinium.
2144 2904 2283 2951 tunc
2302 2886 2479 2949 habi-

603 2972 775 3037 tabat
789 2970 866 3033 ad
885 2988 1092 3034 areum
1111 2988 1373 3034 ueterem
1394 2989 1493 3033 me
1530 2989 1739 3051 puero.
1777 2974 1965 3056 ‚piper
1996 2992 2117 3033 non
2153 2973 2362 3032 homo.
2416 2970 2473 3032 ia

603 3070 960 3144 quacunque
990 3054 1114 3117 ibat
1151 3070 1369 3116 terram
1408 3055 1717 3116 adurebat.
1756 3054 1853 3116 sed
1890 3053 2083 3117 rectus
2102 3101 2121 3128 ,
2156 3052 2257 3117 sed
2276 3069 2475 3114 certus

603 3140 834 3205 amicus
847 3138 1052 3201 amico
1069 3154 1208 3199 cum
1229 3156 1351 3220 quo
1368 3135 1642 3199 andaCter
1662 3136 1847 3219 postes
1864 3136 1923 3200 in
1946 3137 2209 3200 tenebris
2228 3135 2471 3197 micare.

496 3224 581 3299 ὃς
605 3226 665 3289 in
681 3222 848 3285 curia
881 3232 1080 3281 autem
1117 3220 1435 3300 quomodo
1474 3218 1729 3300 singulos
1768 3219 1861 3281 uel
1898 3219 2124 3302 pilabat
2160 3219 2474 3282 tractabat.

603 3322 716 3370 nec
733 3304 960 3371 stemas
977 3302 1331 3383 loquebatur
1349 3302 1447 3365 sed
1486 3300 1768 3363 dilectum
1804 3322 1946 3367 cum
1980 3318 2186 3385 ageret
2208 3320 2395 3387 porro
2414 3302 2475 3363 in

603 3387 750 3453 foro
765 3384 843 3447 fic
859 3382 1014 3446 illins
1031 3401 1154 3444 uox
1171 3380 1476 3447 crescebat
1492 3400 1771 3467 tanquam
1794 3386 1956 3448 tuba.
1992 3404 2099 3447 nec
2119 3387 2351 3447 (udauit
2366 3402 2481 3444 nn-

651 3490 792 3533 uam
815 3514 832 3543 ,
866 3480 974 3528 nec
989 3467 1218 3552 expuit.
1271 3464 1429 3530 Puto
1442 3465 1597 3529 enim
1620 3464 1819 3529 nescio
1834 3469 1973 3551 quid
1994 3467 2103 3529 afia
2124 3470 2221 3530 dis
2242 3462 2482 3529 babuis-

633 3574 684 3618 e.
729 3552 798 3618 δε
816 3570 994 3638 quam
1031 3554 1316 3636 benignus
1356 3550 1669 3613 resalutare
1688 3595 1706 3623 ,
1748 3554 1991 3615 nomina
2024 3554 2299 3612 omnium
2338 3548 2483 3611 red-

491 3646 586 3723 40
607 3640 753 3701 dere
773 3684 791 3711 ,
829 3654 1108 3720 tanquam
1127 3656 1276 3700 uuus
1295 3635 1377 3696 de
1392 3632 1589 3697 nobis.
1622 3636 1821 3716 itaque
1858 3635 1965 3696 illo
2001 3646 2273 3717 tempore
2288 3650 2485 3693 anno·-

603 3742 676 3785 na
693 3722 956 3807 prolato
971 3732 1118 3783 erat.
1160 3720 1276 3784 afl'e
1293 3734 1507 3800 panem
1533 3732 1709 3797 quem
1732 3716 1955 3780 emisses
1981 3750 1997 3785 .-
2036 3737 2155 3779 non
2194 3713 2479 3798 potuisses

601 3818 740 3871 cum
758 3804 952 3870 alteo
965 3804 1282 3872 denotare·
1301 3820 1457 3868 nunc
1478 3801 1719 3869 oculum
1737 3802 1987 3865 bublum
2006 3800 2131 3865 uidi
2146 3801 2477 3963 maiora}-
