2634 4509
524 344 596 421 A
639 346 716 421 D
859 345 924 417 1.
970 343 1030 416 E
1082 338 1148 419 C
1193 344 1266 418 T
1315 344 1388 417 0
1438 344 1513 418 R
1556 342 1617 416 E
1664 348 1774 417 M.

137 476 486 553 ronymus
504 456 572 526 in
591 452 864 553 epistola
877 452 966 525 ad
984 452 1486 529 Demetriadem
1507 506 1529 542 ‚
1567 452 1963 554 postremam
2002 456 2137 526 Fa-
2205 436 2211 453 ⁸

139 550 339 628 bius·
363 551 746 625 Planciades
797 552 921 626 Ful
1007 557 1183 625 ntius
1241 557 1312 625 in
1368 552 1547 625 libro
1593 581 1624 625 1
1672 551 2136 656 Mythologiae

143 653 180 747 (
202 652 368 723 vere
391 676 512 739 ,an
531 649 702 722 falso
723 648 944 725 nescio
1000 654 1327 725 Petronio
1350 650 1662 725 tribuant.
1716 650 1913 749 Qid
1929 672 2077 721 tum
2099 656 2131 725 1¹

141 750 416 825 Ideone
435 748 774 822 credemus
815 754 1212 823 Petronium
1233 748 1583 823 Arbitrum
1616 750 1920 823 Neronis
1958 754 2025 822 A
2092 762 2135 823 ‘-

92 904 103 920 ,
141 847 476 948 aequalem
499 904 520 936 ,
571 853 648 919 δε
670 850 890 925 Statio
907 870 976 919 at
1028 874 1110 921 ue
1125 848 1439 923 Martiale
1454 846 1879 923 vetustiorem
1914 844 2009 917 fu'
2066 860 2131 937 e,

141 945 526 1047 ambosque
539 944 680 1017 haec
701 945 1000 1019 hemistic
1049 951 1110 1021 ia
1131 951 1459 1021 Petronio
1476 949 1704 1045 potius
1726 1001 1747 1035 ,
1774 950 1979 1046 quam
1998 949 2135 1019 Pe-

139 1049 455 1133 tronium
473 1042 800 1116 ambobus
819 1043 1060 1119 debere
1083 1054 1115 1119 i*
1153 1048 1419 1117 Nonne
1455 1042 1787 1118 Placidius
1826 1048 2133 1117 Lutatius

197 1164 346 1217 utat
365 1196 391 1231 ,
440 1148 518 1215 δε
555 1140 808 1216 disertis
843 1140 1062 1217 verbis
1087 1147 1190 1215 -ait
1211 1197 1234 1231 ‚
1273 1141 1626 1217 Arbitrum
1664 1141 2131 1215 hemistichion

174 1246 346 1340 upra
359 1240 696 1315 laudatum
715 1241 803 1315 dc
821 1245 1081 1341 origine
1115 1238 1589 1340 superstitionis
1608 1245 1649 1313 a
1670 1245 1953 1411 Papinio
1976 1243 2135 1315 Sta*

143 1344 256 1413 tio
275 1338 644 1437 accepisic?
683 1340 874 1413 Idem
912 1339 1108 1439 plane
1129 1338 1505 1417 dicendum·
1524 1339 1613 1413 de
1650 1365 1763 1414 ver
1790 1364 1833 1410 u
1854 1394 1881 1427 ,
1928 1364 2131 1439 quem

141 1442 607 1536 Hieronymus
624 1435 708 1509 ad
721 1436 1232 1511 Demetriadem
1249 1438 1530 1513 affirmat
1566 1438 1741 1556 apud
1778 1434 2132 1511 Arbitrum

141 1541 444 1637 reperiri.
510 1541 727 1635 Igitur
779 1534 1266 1609 hemistichium
1293 1536 1389 1613 ,de
1426 1535 1752 1610 odonbus
1786 1541 2137 1634 Hierony·

143 1660 302 1711 mus
323 1660 464 1707 non
479 1635 780 1707 Martiali
819 1638 1042 1733 primo
1089 1635 1345 1733 auctori
1368 1690 1391 1725 ‚
1438 1633 1546 1712 fed
1590 1639 1915 1711 Petronio
1941 1668 1963 1721 3
2006 1635 2135 1706 he-

146 1733 559 1807 mistichium
577 1732 858 1805 alterum
875 1730 962 1805 de
981 1728 1435 1831 superstitione
1478 1732 1719 1807 Fabius
1742 1734 2129 1831 Fulgentius

148 1857 295 1905 non
338 1834 557 1910 Statio
576 1834 675 1903 uti
693 1829 909 1907 facere
947 1829 1308 1929 oportebat
1330 1887 1353 1919 ,
1400 1829 1517 1903 std
1548 1830 1764 1905 eidem
1803 1835 2137 1904 Petronio

144 1929 408 2007 asseruit
425 1986 448 2018 ‚
487 1949 837 2028 propterea
855 1929 1048 2032 quod
1067 1933 1333 2030 utrique
1350 1928 1497 2003 haec
1514 1928 1691 2029 apud
1733 1932 2135 2003 Petronium

148 2028 450 2131 legerant
475 2026 790 2125 &legisse
805 2033 1243 2103 meminerant
1261 2047 1298 2117 ς·
1324 2054 1363 2101 a
1408 2027 1500 2100 ud
1535 2030 1821 2101 Statium
1842 2033 1917 2099 &
1934 2032 2137 2101 Mar-

147 2128 381 2201 tialem
395 2146 509 2217 aut
529 2150 670 2196 non
690 2129 1069 2199 invenerant
1093 2183 1116 2216 ‚
1163 2148 1278 2201 aut
1301 2125 1348 2199 s
1386 2148 1527 2201 tem
1545 2124 1855 2203 inveniffe
1874 2136 2013 2197 no'n
2031 2150 2139 2199 re-

149 2224 602 2303 cordabantur
622 2276 644 2312 ,
683 2248 810 2297 nec
825 2224 1114 2297 multum
1131 2224 1449 2299 curabant
1466 2251 1553 2297 an
1570 2224 1655 2299 ab
1670 2224 1813 2297 aliis
1848 2222 2135 2322 scripto-

147 2323 334 2415 ribus
353 2326 535 2423 prius
549 2325 770 2421 [quam
789 2326 827 2393 a
867 2328 1192 2397 Petronio
1211 2323 1475 2407 fiiiss‘ent
1512 2322 1831 2421 usurpata.
1982 2331 2147 2395 aare.

152 2422 347 2497 facile
370 2428 463 2495 δε·
476 2419 762 2495 libenter
782 2418 1034 2492 accedo
1049 2425 1329 2497 Henrici
1348 2420 1820 2499 valesii-fratris
1838 2426 1971 2492 mei
2012 2444 2147 2492 en-.

151 2525 382 2595 tentiae
404 2576 427 2609 ‚
463 2521 581 2619 qui
619 2522 1017 2591 Petronium
1053 2518 1405 2601 Arbitrum
1505 2526 1817 2621 incipatu·
1830 2520 2144 2591 Neronis

155 2622 374 2693 multo
393 2622 840 2691 recentiorem
861 2671 886 2707 ‚
902 2642 982 2693 ac
999 2621 1274 2701 natione
1295 2624 1359 2693 G
1450 2647 1565 2695 um
1582 2618 1775 2695 fuiffe
1793 2673 1816 2707 ,
1842 2618 2149 2715 atqueffin.

153 2723 497 2818 provincia
514 2714 870 2790 Viennenfi
910 2714 1126 2792 finibu
1207 2741 1290 2791 ue
1322 2716 1815 2793 Maffilienfium
1850 2720 2139 2788 Graeco-

156 2842 304 2890 rum
323 2812 700 2891 habitavisse
721 2813 958 2903 credit,
977 2814 1156 2889 addu
1318 2811 1495 2889 histe
1509 2816 1911 2915 Apolearis
1934 2812 2150 2887 sido-

157 2920 256 2987 nii
275 2912 560 2989 verfibus
582 2968 602 3003 ,
643 2914 802 2986 haut
819 2910 968 2987 satis
989 2914 1300 2989 ha&enus
1338 2918 1722 2987 examinatis
1761 2907 2141 2989 intelleffiss

156 3038 310 3113 que,
331 3018 404 3087 in
423 3017 716 3087 carmine
731 3034 864 3085 xxr
881 3040 913 3085 1
925 3020 999 3102 ι’,
1019 3012 1209 3113 quod
1227 3010 1600 3087 inscribitur
1616 3012 1889 3087 Narbo.

219 3147 228 3155 ·
323 3146 334 3155 ·
357 3128 430 3187 Et
449 3134 508 3185 te
525 3112 927 3207 Maffllimfiusn
940 3133 1040 3208 per
1055 3115 1234 3188 hortos

355 3210 728 3404 grgispcjspitis
748 3214 962 3284 Arbiter
973 3215 1220 3329 colanum
1237 3264 1262 3297 ‚

407 3336 438 3381 ι
543 3398 552 3408 ι
583 3328 964 3403 nuacoparem
1171 3368 1190 3384 .

161 3412 263 3487 Ita
279 3410 457 3479 enim
475 3406 966 3494 emendandum
979 3326 1240 3483 mum
1263 3409 1561 3483 medium
1576 3407 1778 3484 frater
1794 3404 2147 3500 existimat,

165 3510 318 3579 cum
335 3504 592 3603 legatur
613 3509 684 3577 in
703 3506 903 3579 editis
934 3506 1198 3582 Sidonii
1215 3505 1703 3611 exemplaribus
1723 3562 1747 3597 ,

181 3642 190 3651 -
359 3608 509 3676 Sacri
510 3606 710 3701 stipitis
730 3608 948 3678 Arbiter
967 3610 1232 3687 colonum.
2144 3662 2161 3679 -

165 3704 320 3776 Nec
339 3699 607 3774 dubitat
627 3706 697 3773 in
713 3700 938 3801 priscis
961 3704 1224 3781 Sidonii
1240 3702 1599 3781 codicibus
1612 3702 1934 3804 scripturn
1960 3702 2149 3779 fuisle

167 3816 308 3881 (ἕνα
322 3803 521 3903 cespitis
539 3854 575 3897 „
612 3797 720 3877 seu
761 3804 920 3901 Grq‘i
954 3806 1149 3915 cespius
1165 3836 1188 3881 ε
1238 3805 1429 3906 quod
1448 3808 1607 3881 cum
1642 3828 1784 3879 non
1818 3808 1891 3877 in
2014 3810 2031 3823 ⁰
2116 3840 2157 3863 «-

1966 3923 2149 3975 retur
