2634 4509
704 184 1575 254 Anntrnn.
1979 206 2059 281 23

483 292 660 353 curio.
698 308 762 351 ru
769 290 953 367 samm
969 309 1070 349 nen
1077 290 1328 366 supprime
1341 291 1525 351 {meula
1542 306 1777 355 mmm

481 376 626 455 Qd
637 388 856 449 portatu
865 374 984 432 diue
998 375 1104 431 ruis
1117 376 1337 431 amois
1352 374 1409 432 in
1424 375 1587 433 armis

487 455 820 535 Nonftaengis
831 469 1024 532 portus,
1047 476 1148 516 m
1167 454 1331 514 musis
1348 456 1521 533 oppida
1530 455 1678 535 saluis
1696 468 1725 515 ἓ

481 542 812 617 refluensque
831 540 988 615 rapis.
1023 538 1168 614 mstis
1189 554 1252 597 ru
1267 558 1448 617 magne
1461 540 1597 598 tueri

485 622 836 697 Romanasque
847 622 993 679 acies.
1023 619 1285 697 epidauria
1299 621 1508 679 nomina
1522 640 1669 699 quere

480 704 848 783 Thesalicofiyue
857 700 998 780 finus
1014 702 1499 779 humanosaenguim
1515 704 1677 780 tinge.

477 788 688 845 ratim
703 788 768 861 est
784 787 840 845 in
856 785 1004 843 terris
1019 786 1262 862 quiequid
1276 779 1312 843 †
1328 784 1517 855 iusticia
1534 781 1691 855 infit.

971 861 1200 935 Versus
1245 861 2056 936 CCLXXXXIIII.

335 980 452 1040 Um
469 976 578 1039 hec
598 975 804 1039 eumol
847 977 1158 1060 tis-*ingenti
1179 974 1503 1039 uerborum
1523 976 1899 1041 uolubilitate
1915 974 2061 1039 effu-

333 1060 501 1124 disset
517 1062 758 1123 tandem
843 1062 1092 1121 rathona
1111 1059 1458 1121 uitauimus.
1484 1058 1584 1122 vbi
1603 1060 1845 1143 quidem
1868 1078 2061 1143 paruo

194 1142 462 1207 dulsorio
497 1141 704 1205 refeffi
742 1140 976 1225 postero
995 1141 1094 1203 die
1114 1141 1393 1226 ampliori
1430 1138 1784 1207 fortitudine
1801 1140 2061 1205 domum

196 1242 516 1312 querentes
550 1226 867 1288 incidimus
895 1225 954 1287 in
973 1224 1212 1287 turbam
1253 1223 1725 1306 hertpeditarum
1764 1223 2065 1289 sciscitan-

193 1316 344 1373 tium
364 1306 528 1391 quod
546 1326 733 1393 genus
755 1308 1064 1371 hominum
1085 1324 1188 1368 aut
1207 1308 1367 1369 unde
1400 1306 1761 1369 veniremus.
1810 1326 1887 1371 ex
1922 1324 2062 1391 pre-

194 1392 420 1487 scripto
436 1408 587 1473 ergo
604 1388 826 1452 confilii
844 1390 1184 1452 communis
1219 1404 1576 1469 exaggerata
1594 1388 1917 1452 verborum
1942 1406 2060 1451 uo-

58 1478 84 1501 ’“
195 1474 494 1539 labilitate
510 1480 532 1545 ‚‘
571 1470 728 1535 vnde
750 1489 855 1534 aut
873 1472 974 1553 qui
995 1471 1238 1535 effemus
1255 1470 1413 1533 haud
1450 1470 1636 1534 dubie
1671 1468 2054 1534 credentibus

187 1556 585 1621 iudicauimus
617 1554 1080 1635 procedentibus
1113 1552 1335 1631 deinde
1368 1550 1603 1635 longius
1646 1554 1852 1636 rogaui
1872 1552 2059 1617 ancil-

184 1641 306 1705 lam
340 1654 408 1699 ut
440 1638 502 1699 in
538 1637 731 1719 platea
746 1655 902 1699 noua
917 1636 1166 1699 duceret
1181 1634 1518 1699 dominam.
1572 1636 1795 1719 placuit
1832 1634 2056 1699 ancillae

180 1720 514 1786 confilium.
550 1722 752 1813 itaque
768 1718 1012 1801 collegit
1045 1718 1222 1781 altius
1241 1718 1503 1781 tunicam
1526 1764 1545 1792 ,
1584 1715 1863 1801 flexitque
1900 1714 1958 1782 se
1990 1716 2054 1781 iu

181 1802 534 1886 cadophena
568 1820 667 1885 qm
696 1800 1082 1865 ambulationi
1102 1800 1365 1863 herebat.
1405 1816 1512 1863 uec
1530 1798 1633 1863 diu
1653 1816 1890 1863 morata
1904 1816 2054 1882 pro-

181 1886 356 1951 ducit
372 1886 683 1949 dominam
718 1902 754 1945 e
783 1882 1027 1947 latebris
1043 1882 1331 1967 laterique
1366 1899 1511 1945 meo
1540 1902 1617 1966 ap
1659 1881 1799 1945 licat
1836 1880 2055 1947 mulie-

186 1989 318 2033 rem
343 1966 620 2033 omnibus
637 1966 959 2031 fimulacris
974 1964 1469 2045 emendatiorem.
1516 1966 1615 2029 nul
1689 1982 1815 2029 uox
1830 1963 1910 2027 est
1927 1980 2045 2049 que

183 2050 448 2115 formam
469 2050 598 2127 cius
617 2046 796 2131 poffit
811 2049 1343 2132 comprehendere.
1378 2066 1517 2113 nam
1534 2046 1815 2133 quicquid
1832 2044 2049 2115 dixero

185 2135 384 2199 minus
421 2134 554 2195 erit.
589 2133 777 2194 crines
795 2134 1032 2229 ingenio
1067 2128 1174 2195 suo
1191 2130 1327 2196 flexi
1346 2148 1450 2211 per
1466 2147 1636 2193 totos
1673 2134 1731 2192 ie
1764 2129 2049 2195 humeros

181 2214 530 2279 effuderant.
569 2212 736 2277 frons
754 2215 995 2278 minima
1012 2214 1077 2279 &
1096 2231 1212 2299 quc
1231 2214 1467 2277 radices
1485 2230 1554 2275 ca
1598 2212 1836 2277 illorum
1858 2230 2050 2277 retro-

133 2307 148 2319 *
183 2299 429 2363 flexerat
447 2344 466 2370 ,
509 2296 576 2360 &
594 2296 889 2377 supercilia
914 2296 1091 2380 usque
1108 2298 1184 2359 ad
1211 2296 1513 2359 malorum
1556 2295 1878 2379 cripturam
1912 2314 2053 2361 cur-

186 2382 376 2446 rentia
395 2428 413 2455 ,
451 2381 518 2447 &
538 2378 730 2442 rursus
747 2378 1008 2441 confinio
1027 2380 1316 2442 luminum
1412 2380 1819 2462 nepermixta.
1862 2378 2053 2449 Oculi

183 2464 473 2527 clariores
490 2462 664 2525 stellis
681 2478 849 2523 extra
865 2460 1062 2523 lunam
1081 2458 1331 2547 fulgenti
1376 2479 1467 2524 us.
1506 2478 1707 2523 narres
1746 2462 2050 2545 prululum

181 2546 396 2611 inflcxe
415 2593 432 2618 ,
475 2544 542 2607 &
562 2544 830 2607 osculum
869 2543 1040 2628 quale
1075 2544 1397 2628 praxiteles
1417 2542 1639 2605 habere
1659 2541 1899 2608 dianam
1918 2563 2053 2610 cte-

181 2630 368 2693 didit.
404 2628 528 2691 lam
549 2644 819 2689 mentum
841 2627 959 2689 iam
979 2627 1183 2689 ceruix
1202 2674 1220 2701 ,
1261 2626 1381 2689 iam
1404 2644 1613 2689 manus
1632 2672 1649 2699 ,
1688 2626 1808 2689 iam
1826 2628 2051 2711 pedum

181 2712 419 2775 candor
439 2757 456 2782 ,
495 2711 648 2773 intra
686 2711 818 2771 auri
853 2710 1075 2791 gracile
1111 2708 1407 2773 vinculum
1445 2706 1673 2792 politus
1705 2712 1873 2793 parui
1890 2729 2050 2775 mar..

182 2812 330 2857 mor
345 2794 684 2856 extinxerat
705 2838 724 2867 ,
761 2793 960 2876 itaque
991 2808 1133 2855 tunc
1168 2795 1432 2877 primum
1452 2789 1683 2854 doxida
1701 2808 1873 2857 uetus
1887 2812 2051 2859 ama-

180 2894 288 2937 tor
305 2874 658 2958 contempfi.
977 2882 982 2889 '

465 2960 829 3038 'Qdsaeflum
851 2961 917 3033 est
931 2958 1068 3038 quod
1082 2974 1144 3019 tu
1154 2959 1380 3037 proieft‘s's
1400 2956 1589 3034 zapiur
1603 2960 1763 3020 amic

471 3052 614 3099 Inter
630 3045 838 3103 cu'r'colaer
851 3041 1032 3121 fabula
1053 3058 1200 3102 muta
1216 3059 1342 3103 taces
1361 3054 1387 3099 ,θ

467 3133 627 3181 Nunc
641 3142 770 3194 erae,
797 3142 975 3185 aroma
983 3124 1298 3207 summitur&
1313 3120 1680 3203 carnuficem
1697 3168 1719 3199 ,
1810 3136 1817 3141 '

467 3214 622 3263 Nunc
629 3206 806 3281 pluma
821 3229 963 3267 canos
977 3204 1286 3282 difflmulaere
1301 3224 1435 3267 tuos·

463 3292 568 3341 Her
581 3306 704 3344 uera
720 3288 786 3357 est
802 3290 1006 3348 damna.
1045 3306 1190 3349 tenta
1207 3290 1353 3348 mode
1368 3308 1571 3367 ungere
1586 3302 1758 3369 corpus

465 3375 581 3425 Iam
599 3368 1014 3449 imflammzflro
1035 3370 1262 3433 membra
1281 3373 1641 3454 culorefluent.

1552 3446 1783 3523 Verfils
1874 3444 1939 3517 V
1984 3450 2046 3522 Ι.

337 3570 597 3639 Elestata
629 3576 730 3667 {lla
769 3574 883 3641 rifi:
919 3589 1044 3639 tam
1085 3576 1363 3643 blandum
1386 3624 1403 3651 ,
1462 3594 1529 3640 ut
1564 3577 1865 3641 uideretur
1898 3577 2049 3641 mibi

328 3656 568 3741 plenum
588 3678 660 3725 os
691 3674 860 3724 extra
877 3658 1100 3727 nubem
1135 3660 1276 3727 luna
1306 3656 1603 3747 proferre.
1658 3676 1811 3724 mox
1823 3660 1905 3827 zdui
1948 3659 2049 3803 ietrts

2084 803 2113 855 ‘l'
2126 798 2349 862 discutiu-
