<?xml version="1.0" encoding="UTF-8"?>
<!DOCTYPE html PUBLIC "-//W3C//DTD XHTML 1.0 Transitional//EN"
    "http://www.w3.org/TR/xhtml1/DTD/xhtml1-transitional.dtd">
<html xmlns="http://www.w3.org/1999/xhtml" xml:lang="en" lang="en">
 <head>
  <title>
</title>
<meta http-equiv="Content-Type" content="text/html;charset=utf-8" />
  <meta name='ocr-system' content='tesseract 3.04.00' />
  <meta name='ocr-capabilities' content='ocr_page ocr_carea ocr_par ocr_line ocrx_word'/>
</head>
<body>
  <div class='ocr_page' id='page_1' title='image "./titipetroniiarb00hooggoog_0961.png"; bbox 0 0 2634 4509; ppageno 0'>
   <div class='ocr_carea' id='block_1_1' title="bbox 188 320 2349 3855">
    <p class='ocr_par' dir='ltr' id='par_1_1' title="bbox 188 320 2349 3854">
     <span class='ocr_line' id='line_1_1' title="bbox 210 320 2077 415; baseline -0.003 -25"><span class='ocrx_word' id='word_1_1' title='bbox 210 326 348 415; x_wconf 83' lang='lat' dir='ltr'>quia</span> <span class='ocrx_word' id='word_1_2' title='bbox 367 323 488 389; x_wconf 81' lang='lat' dir='ltr'>fcio</span> <span class='ocrx_word' id='word_1_3' title='bbox 506 322 842 387; x_wconf 84' lang='lat' dir='ltr'>niceronem</span> <span class='ocrx_word' id='word_1_4' title='bbox 863 321 1006 388; x_wconf 85' lang='lat' dir='ltr'>nihil</span> <span class='ocrx_word' id='word_1_5' title='bbox 1041 340 1335 406; x_wconf 82' lang='lat' dir='ltr'>nugarum</span> <span class='ocrx_word' id='word_1_6' title='bbox 1372 338 1626 385; x_wconf 81' lang='lat' dir='ltr'>narrare.</span> <span class='ocrx_word' id='word_1_7' title='bbox 1662 320 1856 386; x_wconf 87' lang='lat' dir='ltr'>immo</span> <span class='ocrx_word' id='word_1_8' title='bbox 1874 338 2077 384; x_wconf 86' lang='lat' dir='ltr'>certus</span> 
     </span>
     <span class='ocr_line' id='line_1_2' title="bbox 209 402 2074 490; baseline -0.004 -15"><span class='ocrx_word' id='word_1_9' title='bbox 209 412 297 475; x_wconf 83' lang='lat' dir='ltr'>est</span> <span class='ocrx_word' id='word_1_10' title='bbox 315 458 331 484; x_wconf 90' lang='lat'>,</span> <span class='ocrx_word' id='word_1_11' title='bbox 357 412 422 472; x_wconf 74' lang='grc' dir='ltr'>δε</span> <span class='ocrx_word' id='word_1_12' title='bbox 441 408 686 470; x_wconf 89' lang='lat' dir='ltr'>minime</span> <span class='ocrx_word' id='word_1_13' title='bbox 700 406 1020 489; x_wconf 83' lang='lat' dir='ltr'><strong>linguosus.</strong></span> <span class='ocrx_word' id='word_1_14' title='bbox 1057 424 1192 469; x_wconf 86' lang='lat' dir='ltr'>nam</span> <span class='ocrx_word' id='word_1_15' title='bbox 1207 406 1271 469; x_wconf 84' lang='lat'>&amp;</span> <span class='ocrx_word' id='word_1_16' title='bbox 1289 402 1411 490; x_wconf 82' lang='lat' dir='ltr'>ipse</span> <span class='ocrx_word' id='word_1_17' title='bbox 1427 404 1603 467; x_wconf 87' lang='lat' dir='ltr'>uobis</span> <span class='ocrx_word' id='word_1_18' title='bbox 1619 422 1747 469; x_wconf 84' lang='lat' dir='ltr'>rem</span> <span class='ocrx_word' id='word_1_19' title='bbox 1764 404 2074 469; x_wconf 82' lang='lat' dir='ltr'>orribilem</span> 
     </span>
     <span class='ocr_line' id='line_1_3' title="bbox 211 486 2069 585; baseline -0.005 -29"><span class='ocrx_word' id='word_1_20' title='bbox 211 493 490 557; x_wconf 81' lang='lat' dir='ltr'>narrabo.</span> <span class='ocrx_word' id='word_1_21' title='bbox 529 490 734 585; x_wconf 76' lang='lat' dir='ltr'>Afinus</span> <span class='ocrx_word' id='word_1_22' title='bbox 772 492 832 552; x_wconf 90' lang='lat' dir='ltr'>in</span> <span class='ocrx_word' id='word_1_23' title='bbox 875 489 1086 571; x_wconf 83' lang='lat' dir='ltr'>tegulis</span> <span class='ocrx_word' id='word_1_24' title='bbox 1117 508 1256 552; x_wconf 87' lang='lat' dir='ltr'>cum</span> <span class='ocrx_word' id='word_1_25' title='bbox 1276 490 1471 583; x_wconf 71' lang='lat' dir='ltr'>adhuc</span> <span class='ocrx_word' id='word_1_26' title='bbox 1507 487 1815 570; x_wconf 74' lang='lat' dir='ltr'>capillatus</span> <span class='ocrx_word' id='word_1_27' title='bbox 1852 486 2024 549; x_wconf 84' lang='lat' dir='ltr'>eflem</span> <span class='ocrx_word' id='word_1_28' title='bbox 2046 530 2069 558; x_wconf 89' lang='lat'><strong>,</strong></span> 
     </span>
     <span class='ocr_line' id='line_1_4' title="bbox 205 569 2135 741; baseline -0.005 -20"><span class='ocrx_word' id='word_1_29' title='bbox 205 569 2073 737; x_wconf 49' lang='lat' dir='ltr'>221‘335222‘23352mm2&#39;323fflzazwz?{3¹53}ss</span> <span class='ocrx_word' id='word_1_30' title='bbox 2094 669 2135 741; x_wconf 68' lang='grc' dir='ltr'><strong><em>ς</em></strong></span> 
     </span>
     <span class='ocr_line' id='line_1_5' title="bbox 212 734 2067 819; baseline -0.005 -16"><span class='ocrx_word' id='word_1_31' title='bbox 212 756 466 803; x_wconf 84' lang='lat' dir='ltr'>merum.</span> <span class='ocrx_word' id='word_1_32' title='bbox 504 755 640 800; x_wconf 86' lang='lat' dir='ltr'>cum</span> <span class='ocrx_word' id='word_1_33' title='bbox 661 754 808 817; x_wconf 79' lang='lat' dir='ltr'>ergo</span> <span class='ocrx_word' id='word_1_34' title='bbox 821 736 986 799; x_wconf 86' lang='lat' dir='ltr'>illum</span> <span class='ocrx_word' id='word_1_35' title='bbox 1007 752 1202 797; x_wconf 85' lang='lat' dir='ltr'>mater</span> <span class='ocrx_word' id='word_1_36' title='bbox 1217 734 1442 798; x_wconf 88' lang='lat' dir='ltr'>misella</span> <span class='ocrx_word' id='word_1_37' title='bbox 1478 735 1792 819; x_wconf 76' lang='lat' dir='ltr'>plangeret</span> <span class='ocrx_word' id='word_1_38' title='bbox 1814 782 1833 809; x_wconf 84' lang='lat'><strong>,</strong></span> <span class='ocrx_word' id='word_1_39' title='bbox 1876 734 1941 795; x_wconf 73' lang='grc' dir='ltr'>δε</span> <span class='ocrx_word' id='word_1_40' title='bbox 1955 752 2067 795; x_wconf 89' lang='lat' dir='ltr'>nos</span> 
     </span>
     <span class='ocr_line' id='line_1_6' title="bbox 215 814 2067 903; baseline -0.005 -19"><span class='ocrx_word' id='word_1_41' title='bbox 215 840 345 885; x_wconf 89' lang='lat' dir='ltr'>tum</span> <span class='ocrx_word' id='word_1_42' title='bbox 365 821 562 903; x_wconf 87' lang='lat' dir='ltr'>plures</span> <span class='ocrx_word' id='word_1_43' title='bbox 580 820 638 882; x_wconf 89' lang='lat' dir='ltr'>in</span> <span class='ocrx_word' id='word_1_44' title='bbox 656 818 1011 881; x_wconf 83' lang='lat' dir='ltr'>tristimonio</span> <span class='ocrx_word' id='word_1_45' title='bbox 1027 816 1274 881; x_wconf 72' lang='lat' dir='ltr'>essemus</span> <span class='ocrx_word' id='word_1_46' title='bbox 1293 862 1310 885; x_wconf 86' lang='lat'><strong>.</strong></span> <span class='ocrx_word' id='word_1_47' title='bbox 1353 816 1548 879; x_wconf 86' lang='lat' dir='ltr'>subito</span> <span class='ocrx_word' id='word_1_48' title='bbox 1562 814 1737 901; x_wconf 73' lang='lat' dir='ltr'>strtge</span> <span class='ocrx_word' id='word_1_49' title='bbox 1751 832 2030 900; x_wconf 86' lang='lat' dir='ltr'>ceperunt</span> <span class='ocrx_word' id='word_1_50' title='bbox 2045 860 2067 887; x_wconf 85' lang='lat'><strong>,</strong></span> 
     </span>
     <span class='ocr_line' id='line_1_7' title="bbox 209 897 2073 991; baseline -0.004 -25"><span class='ocrx_word' id='word_1_51' title='bbox 209 920 456 991; x_wconf 82' lang='lat' dir='ltr'>putares</span> <span class='ocrx_word' id='word_1_52' title='bbox 469 918 674 964; x_wconf 84' lang='lat' dir='ltr'>canem</span> <span class='ocrx_word' id='word_1_53' title='bbox 692 900 962 983; x_wconf 88' lang='lat' dir='ltr'>leporem</span> <span class='ocrx_word' id='word_1_54' title='bbox 983 898 1270 983; x_wconf 81' lang='lat' dir='ltr'>persequi.</span> <span class='ocrx_word' id='word_1_55' title='bbox 1303 897 1665 961; x_wconf 77' lang='lat' dir='ltr'>habebamus</span> <span class='ocrx_word' id='word_1_56' title='bbox 1701 917 1840 963; x_wconf 84' lang='lat' dir='ltr'>tune</span> <span class='ocrx_word' id='word_1_57' title='bbox 1872 898 2073 961; x_wconf 85' lang='lat' dir='ltr'>bomi-</span> 
     </span>
     <span class='ocr_line' id='line_1_8' title="bbox 207 979 2068 1128; baseline -0.005 -78"><span class='ocrx_word' id='word_1_58' title='bbox 207 1004 346 1051; x_wconf 86' lang='lat' dir='ltr'>nem</span> <span class='ocrx_word' id='word_1_59' title='bbox 365 984 774 1128; x_wconf 58' lang='lat' dir='ltr'>capfadocem</span> <span class='ocrx_word' id='word_1_60' title='bbox 792 984 1038 1065; x_wconf 77' lang='lat' dir='ltr'>longum</span> <span class='ocrx_word' id='word_1_61' title='bbox 1055 981 1232 1045; x_wconf 86' lang='lat' dir='ltr'>ualde</span> <span class='ocrx_word' id='word_1_62' title='bbox 1247 979 1600 1044; x_wconf 82' lang='lat' dir='ltr'>audaculum</span> <span class='ocrx_word' id='word_1_63' title='bbox 1616 982 1681 1043; x_wconf 87' lang='lat'>&amp;</span> <span class='ocrx_word' id='word_1_64' title='bbox 1692 984 1791 1065; x_wconf 89' lang='lat' dir='ltr'>qui</span> <span class='ocrx_word' id='word_1_65' title='bbox 1807 980 2068 1053; x_wconf 80' lang='lat' dir='ltr'>ualebat,</span> 
     </span>
     <span class='ocr_line' id='line_1_9' title="bbox 209 1063 2177 1153; baseline -0.004 -24"><span class='ocrx_word' id='word_1_66' title='bbox 209 1084 445 1153; x_wconf 87' lang='lat' dir='ltr'>poterat</span> <span class='ocrx_word' id='word_1_67' title='bbox 495 1084 676 1129; x_wconf 87' lang='lat' dir='ltr'>ouem</span> <span class='ocrx_word' id='word_1_68' title='bbox 699 1082 911 1127; x_wconf 81' lang='lat' dir='ltr'>iratum</span> <span class='ocrx_word' id='word_1_69' title='bbox 935 1064 1164 1127; x_wconf 88' lang='lat' dir='ltr'>tollere.</span> <span class='ocrx_word' id='word_1_70' title='bbox 1203 1064 1296 1127; x_wconf 87' lang='lat' dir='ltr'>bic</span> <span class='ocrx_word' id='word_1_71' title='bbox 1331 1064 1610 1127; x_wconf 68' lang='lat' dir='ltr'>audacter</span> <span class='ocrx_word' id='word_1_72' title='bbox 1642 1064 1841 1127; x_wconf 66' lang='lat' dir='ltr'>strieio</span> <span class='ocrx_word' id='word_1_73' title='bbox 1862 1063 2071 1146; x_wconf 87' lang='lat' dir='ltr'>gladio</span> <span class='ocrx_word' id='word_1_74' title='bbox 2093 1086 2177 1133; x_wconf 88' lang='lat'>10</span> 
     </span>
     <span class='ocr_line' id='line_1_10' title="bbox 205 1142 2071 1229; baseline -0.003 -16"><span class='ocrx_word' id='word_1_75' title='bbox 205 1168 374 1213; x_wconf 78' lang='lat' dir='ltr'>extra</span> <span class='ocrx_word' id='word_1_76' title='bbox 395 1147 606 1212; x_wconf 84' lang='lat' dir='ltr'>ostium</span> <span class='ocrx_word' id='word_1_77' title='bbox 631 1149 998 1229; x_wconf 77' lang='lat' dir='ltr'>precucurrit</span> <span class='ocrx_word' id='word_1_78' title='bbox 1013 1147 1282 1211; x_wconf 88' lang='lat' dir='ltr'>inuoluta</span> <span class='ocrx_word' id='word_1_79' title='bbox 1297 1166 1475 1211; x_wconf 84' lang='lat' dir='ltr'>manu</span> <span class='ocrx_word' id='word_1_80' title='bbox 1495 1145 1708 1211; x_wconf 79' lang='lat' dir='ltr'>sinistra</span> <span class='ocrx_word' id='word_1_81' title='bbox 1724 1148 1977 1219; x_wconf 82' lang='lat' dir='ltr'>curiole,</span> <span class='ocrx_word' id='word_1_82' title='bbox 2002 1142 2071 1207; x_wconf 85' lang='lat'>&amp;</span> 
     </span>
     <span class='ocr_line' id='line_1_11' title="bbox 204 1227 2077 1315; baseline -0.005 -18"><span class='ocrx_word' id='word_1_83' title='bbox 204 1234 518 1297; x_wconf 85' lang='lat' dir='ltr'>mulierem</span> <span class='ocrx_word' id='word_1_84' title='bbox 537 1246 847 1315; x_wconf 85' lang='lat' dir='ltr'>tamquam</span> <span class='ocrx_word' id='word_1_85' title='bbox 866 1232 982 1293; x_wconf 83' lang='lat' dir='ltr'>boc</span> <span class='ocrx_word' id='word_1_86' title='bbox 998 1228 1140 1293; x_wconf 91' lang='lat' dir='ltr'>loco</span> <span class='ocrx_word' id='word_1_87' title='bbox 1155 1227 1399 1309; x_wconf 68' lang='lat' dir='ltr'>(laluum</span> <span class='ocrx_word' id='word_1_88' title='bbox 1420 1229 1489 1294; x_wconf 85' lang='lat' dir='ltr'>fit</span> <span class='ocrx_word' id='word_1_89' title='bbox 1506 1274 1525 1303; x_wconf 91' lang='lat'><strong>,</strong></span> <span class='ocrx_word' id='word_1_90' title='bbox 1556 1229 1726 1312; x_wconf 86' lang='lat' dir='ltr'>quod</span> <span class='ocrx_word' id='word_1_91' title='bbox 1744 1246 1927 1311; x_wconf 85' lang='lat' dir='ltr'>tango</span> <span class='ocrx_word' id='word_1_92' title='bbox 1940 1244 2077 1290; x_wconf 87' lang='lat' dir='ltr'>me·</span> 
     </span>
     <span class='ocr_line' id='line_1_12' title="bbox 204 1311 2070 1397; baseline -0.004 -19"><span class='ocrx_word' id='word_1_93' title='bbox 204 1314 372 1379; x_wconf 88' lang='lat' dir='ltr'>diam</span> <span class='ocrx_word' id='word_1_94' title='bbox 391 1315 622 1377; x_wconf 83' lang='lat' dir='ltr'>traiecit</span> <span class='ocrx_word' id='word_1_95' title='bbox 641 1358 660 1387; x_wconf 91' lang='lat'><strong>,</strong></span> <span class='ocrx_word' id='word_1_96' title='bbox 701 1314 972 1377; x_wconf 79' lang='lat' dir='ltr'>audimus</span> <span class='ocrx_word' id='word_1_97' title='bbox 987 1312 1276 1397; x_wconf 75' lang='lat' dir='ltr'>gemitus,</span> <span class='ocrx_word' id='word_1_98' title='bbox 1317 1313 1385 1375; x_wconf 85' lang='lat'>&amp;</span> <span class='ocrx_word' id='word_1_99' title='bbox 1417 1312 1589 1397; x_wconf 86' lang='lat' dir='ltr'>plane</span> <span class='ocrx_word' id='word_1_100' title='bbox 1621 1331 1741 1375; x_wconf 85' lang='lat' dir='ltr'>non</span> <span class='ocrx_word' id='word_1_101' title='bbox 1771 1311 2070 1388; x_wconf 86' lang='lat' dir='ltr'>mentiar)</span> 
     </span>
     <span class='ocr_line' id='line_1_13' title="bbox 201 1390 2068 1483; baseline -0.006 -21"><span class='ocrx_word' id='word_1_102' title='bbox 201 1399 354 1483; x_wconf 82' lang='lat' dir='ltr'>ipsas</span> <span class='ocrx_word' id='word_1_103' title='bbox 374 1414 494 1460; x_wconf 89' lang='lat' dir='ltr'>non</span> <span class='ocrx_word' id='word_1_104' title='bbox 515 1396 772 1459; x_wconf 87' lang='lat' dir='ltr'>uidimus</span> <span class='ocrx_word' id='word_1_105' title='bbox 789 1442 806 1465; x_wconf 88' lang='lat'><em>,</em></span> <span class='ocrx_word' id='word_1_106' title='bbox 846 1394 998 1459; x_wconf 89' lang='lat' dir='ltr'>baro</span> <span class='ocrx_word' id='word_1_107' title='bbox 1033 1410 1236 1459; x_wconf 86' lang='lat' dir='ltr'>autem</span> <span class='ocrx_word' id='word_1_108' title='bbox 1255 1394 1449 1458; x_wconf 86' lang='lat' dir='ltr'>noster</span> <span class='ocrx_word' id='word_1_109' title='bbox 1466 1392 1822 1458; x_wconf 85' lang='lat' dir='ltr'>introuersus</span> <span class='ocrx_word' id='word_1_110' title='bbox 1842 1390 1897 1454; x_wconf 81' lang='lat' dir='ltr'>se</span> <span class='ocrx_word' id='word_1_111' title='bbox 1916 1409 2068 1477; x_wconf 88' lang='lat' dir='ltr'>pro-</span> 
     </span>
     <span class='ocr_line' id='line_1_14' title="bbox 204 1471 2173 1566; baseline -0.006 -21"><span class='ocrx_word' id='word_1_112' title='bbox 204 1482 346 1545; x_wconf 88' lang='lat' dir='ltr'>iecit</span> <span class='ocrx_word' id='word_1_113' title='bbox 365 1480 422 1544; x_wconf 88' lang='lat' dir='ltr'>in</span> <span class='ocrx_word' id='word_1_114' title='bbox 438 1480 679 1552; x_wconf 68' lang='lat' dir='ltr'>lectum,</span> <span class='ocrx_word' id='word_1_115' title='bbox 702 1479 766 1542; x_wconf 76' lang='grc' dir='ltr'>δι</span> <span class='ocrx_word' id='word_1_116' title='bbox 783 1496 1004 1559; x_wconf 82' lang='lat' dir='ltr'>corpus</span> <span class='ocrx_word' id='word_1_117' title='bbox 1019 1494 1220 1541; x_wconf 89' lang='lat' dir='ltr'>totum</span> <span class='ocrx_word' id='word_1_118' title='bbox 1239 1476 1487 1541; x_wconf 88' lang='lat' dir='ltr'>liuidum</span> <span class='ocrx_word' id='word_1_119' title='bbox 1505 1475 1779 1549; x_wconf 76' lang='lat' dir='ltr'>habebat,</span> <span class='ocrx_word' id='word_1_120' title='bbox 1798 1474 1957 1559; x_wconf 85' lang='lat' dir='ltr'>quafi</span> <span class='ocrx_word' id='word_1_121' title='bbox 1970 1471 2061 1535; x_wconf 82' lang='lat' dir='ltr'>fla·</span> <span class='ocrx_word' id='word_1_122' title='bbox 2087 1492 2173 1566; x_wconf 85' lang='lat'>15</span> 
     </span>
     <span class='ocr_line' id='line_1_15' title="bbox 200 1558 2067 1649; baseline -0.003 -24"><span class='ocrx_word' id='word_1_123' title='bbox 200 1562 376 1649; x_wconf 85' lang='lat' dir='ltr'>gellis</span> <span class='ocrx_word' id='word_1_124' title='bbox 391 1560 556 1624; x_wconf 88' lang='lat' dir='ltr'>cesus</span> <span class='ocrx_word' id='word_1_125' title='bbox 575 1609 590 1634; x_wconf 87' lang='lat'>,</span> <span class='ocrx_word' id='word_1_126' title='bbox 609 1562 772 1643; x_wconf 86' lang='lat' dir='ltr'>quod</span> <span class='ocrx_word' id='word_1_127' title='bbox 795 1558 1016 1623; x_wconf 84' lang='lat' dir='ltr'>scilicet</span> <span class='ocrx_word' id='word_1_128' title='bbox 1031 1559 1200 1623; x_wconf 89' lang='lat' dir='ltr'>illum</span> <span class='ocrx_word' id='word_1_129' title='bbox 1221 1562 1497 1641; x_wconf 74' lang='lat' dir='ltr'>tetigerat</span> <span class='ocrx_word' id='word_1_130' title='bbox 1514 1560 1670 1622; x_wconf 85' lang='lat' dir='ltr'>mala</span> <span class='ocrx_word' id='word_1_131' title='bbox 1688 1576 1917 1621; x_wconf 83' lang='lat' dir='ltr'>manus.</span> <span class='ocrx_word' id='word_1_132' title='bbox 1951 1573 2067 1619; x_wconf 85' lang='lat' dir='ltr'>nos</span> 
     </span>
     <span class='ocr_line' id='line_1_16' title="bbox 201 1638 2069 1715; baseline -0.003 -7"><span class='ocrx_word' id='word_1_133' title='bbox 201 1645 368 1708; x_wconf 82' lang='lat' dir='ltr'>cluso</span> <span class='ocrx_word' id='word_1_134' title='bbox 383 1641 537 1707; x_wconf 88' lang='lat' dir='ltr'>ostio</span> <span class='ocrx_word' id='word_1_135' title='bbox 555 1646 820 1706; x_wconf 86' lang='lat' dir='ltr'>redimus</span> <span class='ocrx_word' id='word_1_136' title='bbox 854 1644 1074 1707; x_wconf 88' lang='lat' dir='ltr'>iterum</span> <span class='ocrx_word' id='word_1_137' title='bbox 1113 1642 1192 1707; x_wconf 84' lang='lat' dir='ltr'>ad</span> <span class='ocrx_word' id='word_1_138' title='bbox 1227 1642 1493 1706; x_wconf 84' lang='lat' dir='ltr'>officium</span> <span class='ocrx_word' id='word_1_139' title='bbox 1516 1690 1535 1715; x_wconf 92' lang='lat'><strong>,</strong></span> <span class='ocrx_word' id='word_1_140' title='bbox 1576 1638 1675 1704; x_wconf 87' lang='lat' dir='ltr'>sed</span> <span class='ocrx_word' id='word_1_141' title='bbox 1704 1642 1853 1705; x_wconf 89' lang='lat' dir='ltr'>dum</span> <span class='ocrx_word' id='word_1_142' title='bbox 1872 1654 2069 1703; x_wconf 77' lang='lat' dir='ltr'>mater</span> 
     </span>
     <span class='ocr_line' id='line_1_17' title="bbox 200 1720 2069 1809; baseline -0.004 -16"><span class='ocrx_word' id='word_1_143' title='bbox 200 1748 301 1793; x_wconf 76' lang='lat' dir='ltr'>am</span> <span class='ocrx_word' id='word_1_144' title='bbox 349 1726 570 1788; x_wconf 82' lang='lat' dir='ltr'>lexatet</span> <span class='ocrx_word' id='word_1_145' title='bbox 583 1744 804 1806; x_wconf 87' lang='lat' dir='ltr'>corpus</span> <span class='ocrx_word' id='word_1_146' title='bbox 825 1722 922 1803; x_wconf 81' lang='lat' dir='ltr'>filij</span> <span class='ocrx_word' id='word_1_147' title='bbox 947 1724 1025 1786; x_wconf 89' lang='lat' dir='ltr'>sui</span> <span class='ocrx_word' id='word_1_148' title='bbox 1042 1769 1061 1798; x_wconf 91' lang='lat'><strong>,</strong></span> <span class='ocrx_word' id='word_1_149' title='bbox 1105 1724 1295 1809; x_wconf 74' lang='lat' dir='ltr'>tangit</span> <span class='ocrx_word' id='word_1_150' title='bbox 1311 1772 1331 1806; x_wconf 81' lang='grc'><strong><em>,</em></strong></span> <span class='ocrx_word' id='word_1_151' title='bbox 1370 1726 1437 1790; x_wconf 71' lang='grc' dir='ltr'>δι</span> <span class='ocrx_word' id='word_1_152' title='bbox 1476 1722 1641 1788; x_wconf 81' lang='lat' dir='ltr'>uidet</span> <span class='ocrx_word' id='word_1_153' title='bbox 1660 1720 2069 1787; x_wconf 81' lang='lat' dir='ltr'>manuciolum</span> 
     </span>
     <span class='ocr_line' id='line_1_18' title="bbox 201 1805 2064 1883; baseline -0.005 -10"><span class='ocrx_word' id='word_1_154' title='bbox 201 1810 282 1874; x_wconf 88' lang='lat' dir='ltr'>de</span> <span class='ocrx_word' id='word_1_155' title='bbox 345 1808 626 1871; x_wconf 85' lang='lat' dir='ltr'>ramentis</span> <span class='ocrx_word' id='word_1_156' title='bbox 647 1805 888 1883; x_wconf 57' lang='lat' dir='ltr'>factum,</span> <span class='ocrx_word' id='word_1_157' title='bbox 909 1827 1031 1870; x_wconf 89' lang='lat' dir='ltr'>non</span> <span class='ocrx_word' id='word_1_158' title='bbox 1045 1826 1156 1871; x_wconf 90' lang='lat' dir='ltr'>cor</span> <span class='ocrx_word' id='word_1_159' title='bbox 1172 1806 1451 1871; x_wconf 85' lang='lat' dir='ltr'>babebat.</span> <span class='ocrx_word' id='word_1_160' title='bbox 1487 1826 1608 1872; x_wconf 90' lang='lat' dir='ltr'>non</span> <span class='ocrx_word' id='word_1_161' title='bbox 1624 1805 1909 1869; x_wconf 83' lang='lat' dir='ltr'>intestina.</span> <span class='ocrx_word' id='word_1_162' title='bbox 1942 1822 2064 1869; x_wconf 84' lang='lat' dir='ltr'>uon</span> 
     </span>
     <span class='ocr_line' id='line_1_19' title="bbox 200 1884 2166 1979; baseline -0.004 -24"><span class='ocrx_word' id='word_1_163' title='bbox 200 1893 518 1979; x_wconf 87' lang='lat' dir='ltr'>quicquam</span> <span class='ocrx_word' id='word_1_164' title='bbox 535 1889 754 1954; x_wconf 89' lang='lat' dir='ltr'>scilicet</span> <span class='ocrx_word' id='word_1_165' title='bbox 771 1890 892 1969; x_wconf 86' lang='lat' dir='ltr'>jam</span> <span class='ocrx_word' id='word_1_166' title='bbox 912 1889 1086 1976; x_wconf 54' lang='lat' dir='ltr'>strike</span> <span class='ocrx_word' id='word_1_167' title='bbox 1101 1908 1349 1975; x_wconf 85' lang='lat' dir='ltr'>puerum</span> <span class='ocrx_word' id='word_1_168' title='bbox 1367 1890 1775 1955; x_wconf 84' lang='lat' dir='ltr'>inuolauerant</span> <span class='ocrx_word' id='word_1_169' title='bbox 1790 1936 1809 1965; x_wconf 90' lang='lat'>,</span> <span class='ocrx_word' id='word_1_170' title='bbox 1842 1888 1909 1952; x_wconf 74' lang='grc' dir='ltr'>δι</span> <span class='ocrx_word' id='word_1_171' title='bbox 1926 1884 2059 1970; x_wconf 85' lang='lat' dir='ltr'>sup·</span> <span class='ocrx_word' id='word_1_172' title='bbox 2076 1905 2166 1961; x_wconf 84' lang='lat'>20</span> 
     </span>
     <span class='ocr_line' id='line_1_20' title="bbox 197 1971 2063 2062; baseline -0.004 -24"><span class='ocrx_word' id='word_1_173' title='bbox 197 1974 514 2062; x_wconf 85' lang='lat' dir='ltr'>posuerant</span> <span class='ocrx_word' id='word_1_174' title='bbox 551 1971 994 2037; x_wconf 84' lang='lat' dir='ltr'>stramentitium</span> <span class='ocrx_word' id='word_1_175' title='bbox 1031 1990 1404 2038; x_wconf 85' lang='lat' dir='ltr'>nauatonem.</span> <span class='ocrx_word' id='word_1_176' title='bbox 1441 1993 1517 2037; x_wconf 89' lang='lat' dir='ltr'>ro</span> <span class='ocrx_word' id='word_1_177' title='bbox 1557 1992 1600 2036; x_wconf 95' lang='lat' dir='ltr'>o</span> <span class='ocrx_word' id='word_1_178' title='bbox 1630 1990 1745 2035; x_wconf 86' lang='lat' dir='ltr'>uos</span> <span class='ocrx_word' id='word_1_179' title='bbox 1774 1984 2063 2057; x_wconf 85' lang='lat' dir='ltr'>opportet</span> 
     </span>
     <span class='ocr_line' id='line_1_21' title="bbox 199 1994 2060 2141; baseline -0.004 -19"><span class='ocrx_word' id='word_1_180' title='bbox 199 2058 486 2123; x_wconf 86' lang='lat' dir='ltr'>credatis.</span> <span class='ocrx_word' id='word_1_181' title='bbox 523 2056 650 2120; x_wconf 87' lang='lat' dir='ltr'>sunt</span> <span class='ocrx_word' id='word_1_182' title='bbox 666 2055 939 2119; x_wconf 85' lang='lat' dir='ltr'>mulieres</span> <span class='ocrx_word' id='word_1_183' title='bbox 955 2054 1085 2141; x_wconf 86' lang='lat' dir='ltr'>plus</span> <span class='ocrx_word' id='word_1_184' title='bbox 1105 2054 1238 2122; x_wconf 83' lang='lat' dir='ltr'>scie.</span> <span class='ocrx_word' id='word_1_185' title='bbox 1277 2054 1410 2121; x_wconf 88' lang='lat' dir='ltr'>sunt</span> <span class='ocrx_word' id='word_1_186' title='bbox 1423 1994 1745 2129; x_wconf 49' lang='lat' dir='ltr'>nogutne,</span> <span class='ocrx_word' id='word_1_187' title='bbox 1788 2056 1856 2117; x_wconf 76' lang='grc' dir='ltr'>δε</span> <span class='ocrx_word' id='word_1_188' title='bbox 1887 2049 2060 2137; x_wconf 86' lang='lat' dir='ltr'>quod</span> 
     </span>
     <span class='ocr_line' id='line_1_22' title="bbox 199 2136 2059 2219; baseline -0.004 -14"><span class='ocrx_word' id='word_1_189' title='bbox 199 2140 424 2205; x_wconf 70' lang='lat' dir='ltr'>sursum</span> <span class='ocrx_word' id='word_1_190' title='bbox 443 2138 524 2203; x_wconf 85' lang='lat' dir='ltr'>est</span> <span class='ocrx_word' id='word_1_191' title='bbox 545 2185 560 2211; x_wconf 91' lang='lat'><strong>,</strong></span> <span class='ocrx_word' id='word_1_192' title='bbox 601 2138 878 2202; x_wconf 86' lang='lat' dir='ltr'>deorsum</span> <span class='ocrx_word' id='word_1_193' title='bbox 913 2136 1144 2202; x_wconf 86' lang='lat' dir='ltr'>faciunt</span> <span class='ocrx_word' id='word_1_194' title='bbox 1159 2186 1178 2213; x_wconf 87' lang='lat'><strong>,</strong></span> <span class='ocrx_word' id='word_1_195' title='bbox 1218 2156 1483 2203; x_wconf 87' lang='lat' dir='ltr'>ceterum</span> <span class='ocrx_word' id='word_1_196' title='bbox 1522 2138 1673 2201; x_wconf 85' lang='lat' dir='ltr'>baro</span> <span class='ocrx_word' id='word_1_197' title='bbox 1712 2136 1813 2201; x_wconf 87' lang='lat' dir='ltr'>ille</span> <span class='ocrx_word' id='word_1_198' title='bbox 1844 2136 2059 2219; x_wconf 85' lang='lat' dir='ltr'>longus</span> 
     </span>
     <span class='ocr_line' id='line_1_23' title="bbox 199 2218 2061 2309; baseline -0.003 -23"><span class='ocrx_word' id='word_1_199' title='bbox 199 2222 331 2309; x_wconf 87' lang='lat' dir='ltr'>post</span> <span class='ocrx_word' id='word_1_200' title='bbox 351 2225 466 2284; x_wconf 89' lang='lat' dir='ltr'>boc</span> <span class='ocrx_word' id='word_1_201' title='bbox 483 2220 704 2285; x_wconf 65' lang='lat' dir='ltr'>fafitum</span> <span class='ocrx_word' id='word_1_202' title='bbox 725 2240 1022 2305; x_wconf 87' lang='lat' dir='ltr'>nunquam</span> <span class='ocrx_word' id='word_1_203' title='bbox 1053 2221 1280 2285; x_wconf 89' lang='lat' dir='ltr'>coloris</span> <span class='ocrx_word' id='word_1_204' title='bbox 1315 2222 1395 2286; x_wconf 87' lang='lat' dir='ltr'>sui</span> <span class='ocrx_word' id='word_1_205' title='bbox 1432 2221 1568 2286; x_wconf 78' lang='lat' dir='ltr'>fuit·</span> <span class='ocrx_word' id='word_1_206' title='bbox 1600 2238 1751 2301; x_wconf 82' lang='lat' dir='ltr'>ymo</span> <span class='ocrx_word' id='word_1_207' title='bbox 1764 2218 1893 2303; x_wconf 87' lang='lat' dir='ltr'>post</span> <span class='ocrx_word' id='word_1_208' title='bbox 1912 2236 2061 2303; x_wconf 78' lang='lat' dir='ltr'>pau-</span> 
     </span>
     <span class='ocr_line' id='line_1_24' title="bbox 199 2302 2163 2395; baseline 0.002 -27"><span class='ocrx_word' id='word_1_209' title='bbox 199 2326 310 2369; x_wconf 90' lang='lat' dir='ltr'>cos</span> <span class='ocrx_word' id='word_1_210' title='bbox 341 2304 468 2367; x_wconf 88' lang='lat' dir='ltr'>dies</span> <span class='ocrx_word' id='word_1_211' title='bbox 505 2302 820 2371; x_wconf 83' lang='lat' dir='ltr'>freneticus</span> <span class='ocrx_word' id='word_1_212' title='bbox 855 2304 1057 2386; x_wconf 63' lang='lat' dir='ltr'>periin</span> <span class='ocrx_word' id='word_1_213' title='bbox 1084 2304 1373 2370; x_wconf 81' lang='lat' dir='ltr'>miramur</span> <span class='ocrx_word' id='word_1_214' title='bbox 1391 2324 1503 2369; x_wconf 88' lang='lat' dir='ltr'>nos</span> <span class='ocrx_word' id='word_1_215' title='bbox 1523 2350 1539 2373; x_wconf 90' lang='lat'><strong>.</strong></span> <span class='ocrx_word' id='word_1_216' title='bbox 1585 2304 1653 2368; x_wconf 74' lang='grc' dir='ltr'>δε</span> <span class='ocrx_word' id='word_1_217' title='bbox 1687 2304 1909 2387; x_wconf 86' lang='lat' dir='ltr'>pariter</span> <span class='ocrx_word' id='word_1_218' title='bbox 1924 2318 2057 2364; x_wconf 79' lang='lat' dir='ltr'>cre-</span> <span class='ocrx_word' id='word_1_219' title='bbox 2074 2316 2163 2395; x_wconf 73' lang='lat'>25</span> 
     </span>
     <span class='ocr_line' id='line_1_25' title="bbox 199 2380 2059 2471; baseline -0.003 -20"><span class='ocrx_word' id='word_1_220' title='bbox 199 2388 416 2451; x_wconf 82' lang='lat' dir='ltr'>dimus.</span> <span class='ocrx_word' id='word_1_221' title='bbox 456 2386 812 2471; x_wconf 86' lang='lat' dir='ltr'>osculatique</span> <span class='ocrx_word' id='word_1_222' title='bbox 829 2386 1088 2451; x_wconf 85' lang='lat' dir='ltr'>mensam</span> <span class='ocrx_word' id='word_1_223' title='bbox 1125 2406 1410 2471; x_wconf 82' lang='lat' dir='ltr'>rogamus</span> <span class='ocrx_word' id='word_1_224' title='bbox 1444 2386 1757 2452; x_wconf 70' lang='lat' dir='ltr'>nocturnas</span> <span class='ocrx_word' id='word_1_225' title='bbox 1774 2425 1795 2454; x_wconf 78' lang='lat'><strong>‚</strong></span> <span class='ocrx_word' id='word_1_226' title='bbox 1840 2400 1908 2447; x_wconf 89' lang='lat' dir='ltr'>ut</span> <span class='ocrx_word' id='word_1_227' title='bbox 1940 2380 2059 2447; x_wconf 84' lang='lat' dir='ltr'>suis</span> 
     </span>
     <span class='ocr_line' id='line_1_26' title="bbox 199 2462 2061 2545; baseline -0.002 -13"><span class='ocrx_word' id='word_1_228' title='bbox 199 2470 260 2533; x_wconf 83' lang='lat' dir='ltr'>l&#39;e</span> <span class='ocrx_word' id='word_1_229' title='bbox 279 2486 514 2532; x_wconf 86' lang='lat' dir='ltr'>teneant</span> <span class='ocrx_word' id='word_1_230' title='bbox 531 2469 675 2533; x_wconf 90' lang='lat' dir='ltr'>dum</span> <span class='ocrx_word' id='word_1_231' title='bbox 697 2471 960 2533; x_wconf 88' lang='lat' dir='ltr'>redimus</span> <span class='ocrx_word' id='word_1_232' title='bbox 976 2472 1014 2532; x_wconf 74' lang='grc' dir='ltr'>ὲ</span> <span class='ocrx_word' id='word_1_233' title='bbox 1031 2486 1174 2533; x_wconf 85' lang='lat' dir='ltr'>cena</span> <span class='ocrx_word' id='word_1_234' title='bbox 1190 2516 1210 2545; x_wconf 85' lang='lat'><strong>,</strong></span> <span class='ocrx_word' id='word_1_235' title='bbox 1250 2472 1318 2533; x_wconf 87' lang='lat'>&amp;</span> <span class='ocrx_word' id='word_1_236' title='bbox 1355 2470 1490 2535; x_wconf 82' lang='lat' dir='ltr'>sane</span> <span class='ocrx_word' id='word_1_237' title='bbox 1516 2471 1635 2533; x_wconf 89' lang='lat' dir='ltr'>iam</span> <span class='ocrx_word' id='word_1_238' title='bbox 1653 2470 1895 2532; x_wconf 83' lang='lat' dir='ltr'>lucerne</span> <span class='ocrx_word' id='word_1_239' title='bbox 1911 2462 2061 2530; x_wconf 84' lang='lat' dir='ltr'>mibi</span> 
     </span>
     <span class='ocr_line' id='line_1_27' title="bbox 199 2549 2059 2637; baseline -0.002 -21"><span class='ocrx_word' id='word_1_240' title='bbox 199 2553 396 2637; x_wconf 85' lang='lat' dir='ltr'>plures</span> <span class='ocrx_word' id='word_1_241' title='bbox 429 2551 785 2615; x_wconf 83' lang='lat' dir='ltr'>uidebantur</span> <span class='ocrx_word' id='word_1_242' title='bbox 816 2553 1030 2615; x_wconf 85' lang='lat' dir='ltr'>ardere</span> <span class='ocrx_word' id='word_1_243' title='bbox 1060 2566 1377 2637; x_wconf 87' lang='lat' dir='ltr'>totumque</span> <span class='ocrx_word' id='word_1_244' title='bbox 1392 2551 1711 2616; x_wconf 83' lang='lat' dir='ltr'>triclinium</span> <span class='ocrx_word' id='word_1_245' title='bbox 1728 2549 1843 2614; x_wconf 78' lang='lat' dir='ltr'>effe</span> <span class='ocrx_word' id='word_1_246' title='bbox 1856 2566 2059 2614; x_wconf 76' lang='lat' dir='ltr'>muta-</span> 
     </span>
     <span class='ocr_line' id='line_1_28' title="bbox 200 2628 2061 2730; baseline -0.002 -31"><span class='ocrx_word' id='word_1_247' title='bbox 200 2654 328 2699; x_wconf 83' lang='lat' dir='ltr'>tum</span> <span class='ocrx_word' id='word_1_248' title='bbox 344 2650 482 2696; x_wconf 88' lang='lat' dir='ltr'>cum</span> <span class='ocrx_word' id='word_1_249' title='bbox 501 2634 838 2698; x_wconf 81' lang='lat' dir='ltr'>trimalchio</span> <span class='ocrx_word' id='word_1_250' title='bbox 854 2632 961 2696; x_wconf 88' lang='lat' dir='ltr'>tibi</span> <span class='ocrx_word' id='word_1_251' title='bbox 979 2636 1124 2698; x_wconf 88' lang='lat' dir='ltr'>dico</span> <span class='ocrx_word' id='word_1_252' title='bbox 1141 2636 1160 2699; x_wconf 90' lang='lat' dir='ltr'>i</span> <span class='ocrx_word' id='word_1_253' title='bbox 1243 2638 1331 2700; x_wconf 83' lang='lat' dir='ltr'>uit</span> <span class='ocrx_word' id='word_1_254' title='bbox 1346 2635 1636 2730; x_wconf 79' lang='lat' dir='ltr'>plocrime</span> <span class='ocrx_word' id='word_1_255' title='bbox 1653 2632 1797 2699; x_wconf 79' lang='lat' dir='ltr'>nihil</span> <span class='ocrx_word' id='word_1_256' title='bbox 1813 2649 2010 2697; x_wconf 70' lang='lat' dir='ltr'>narras</span> <span class='ocrx_word' id='word_1_257' title='bbox 2027 2628 2061 2696; x_wconf 66' lang='grc' dir='ltr'><strong>ἓ</strong></span> 
     </span>
     <span class='ocr_line' id='line_1_29' title="bbox 200 2714 2167 2805; baseline -0.004 -22"><span class='ocrx_word' id='word_1_258' title='bbox 200 2717 346 2783; x_wconf 77' lang='lat' dir='ltr'>nihil</span> <span class='ocrx_word' id='word_1_259' title='bbox 362 2736 471 2779; x_wconf 85' lang='lat' dir='ltr'>nos</span> <span class='ocrx_word' id='word_1_260' title='bbox 487 2716 838 2781; x_wconf 68' lang='lat' dir='ltr'>deleciaris?</span> <span class='ocrx_word' id='word_1_261' title='bbox 869 2716 936 2779; x_wconf 84' lang='lat'>&amp;</span> <span class='ocrx_word' id='word_1_262' title='bbox 965 2716 1194 2781; x_wconf 84' lang='lat' dir='ltr'>solebas</span> <span class='ocrx_word' id='word_1_263' title='bbox 1235 2738 1399 2783; x_wconf 75' lang='lat' dir='ltr'>nauis</span> <span class='ocrx_word' id='word_1_264' title='bbox 1414 2715 1545 2781; x_wconf 78' lang='lat' dir='ltr'>effe.</span> <span class='ocrx_word' id='word_1_265' title='bbox 1581 2718 1881 2783; x_wconf 86' lang='lat' dir='ltr'>canturire</span> <span class='ocrx_word' id='word_1_266' title='bbox 1896 2714 2053 2793; x_wconf 86' lang='lat' dir='ltr'>belle</span> <span class='ocrx_word' id='word_1_267' title='bbox 2072 2732 2167 2805; x_wconf 73' lang='lat'>30</span> 
     </span>
     <span class='ocr_line' id='line_1_30' title="bbox 197 2798 2052 2872; baseline -0.001 -10"><span class='ocrx_word' id='word_1_268' title='bbox 197 2798 481 2863; x_wconf 84' lang='lat' dir='ltr'>deuetbia</span> <span class='ocrx_word' id='word_1_269' title='bbox 500 2848 514 2872; x_wconf 89' lang='lat'>,</span> <span class='ocrx_word' id='word_1_270' title='bbox 539 2798 775 2863; x_wconf 87' lang='lat' dir='ltr'>adicere</span> <span class='ocrx_word' id='word_1_271' title='bbox 795 2799 1092 2865; x_wconf 85' lang='lat' dir='ltr'>melicam.</span> <span class='ocrx_word' id='word_1_272' title='bbox 1129 2802 1242 2863; x_wconf 89' lang='lat' dir='ltr'>heu</span> <span class='ocrx_word' id='word_1_273' title='bbox 1264 2802 1377 2865; x_wconf 88' lang='lat' dir='ltr'>beu</span> <span class='ocrx_word' id='word_1_274' title='bbox 1394 2798 1473 2864; x_wconf 89' lang='lat' dir='ltr'>ab</span> <span class='ocrx_word' id='word_1_275' title='bbox 1487 2798 1609 2864; x_wconf 88' lang='lat' dir='ltr'>istis</span> <span class='ocrx_word' id='word_1_276' title='bbox 1624 2799 1821 2865; x_wconf 87' lang='lat' dir='ltr'>dulcis</span> <span class='ocrx_word' id='word_1_277' title='bbox 1836 2799 2052 2863; x_wconf 81' lang='lat' dir='ltr'>carica.</span> 
     </span>
     <span class='ocr_line' id='line_1_31' title="bbox 198 2881 2057 2966; baseline -0.002 -19"><span class='ocrx_word' id='word_1_278' title='bbox 198 2882 328 2947; x_wconf 86' lang='lat' dir='ltr'>Iam</span> <span class='ocrx_word' id='word_1_279' title='bbox 363 2882 549 2966; x_wconf 89' lang='lat' dir='ltr'>inquit</span> <span class='ocrx_word' id='word_1_280' title='bbox 580 2882 678 2945; x_wconf 89' lang='lat' dir='ltr'>ille</span> <span class='ocrx_word' id='word_1_281' title='bbox 747 2881 994 2964; x_wconf 74' lang='lat' dir='ltr'>uadrige</span> <span class='ocrx_word' id='word_1_282' title='bbox 1033 2900 1186 2945; x_wconf 80' lang='lat' dir='ltr'>mee-</span> <span class='ocrx_word' id='word_1_283' title='bbox 1205 2881 1671 2947; x_wconf 87' lang='lat' dir='ltr'>decucurrerunt</span> <span class='ocrx_word' id='word_1_284' title='bbox 1700 2900 1779 2944; x_wconf 87' lang='lat' dir='ltr'>ex</span> <span class='ocrx_word' id='word_1_285' title='bbox 1799 2898 2057 2965; x_wconf 86' lang='lat' dir='ltr'>quo-po-</span> 
     </span>
     <span class='ocr_line' id='line_1_32' title="bbox 195 2962 2053 3047; baseline 0.001 -23"><span class='ocrx_word' id='word_1_286' title='bbox 195 2963 472 3045; x_wconf 76' lang='lat' dir='ltr'>dagricus</span> <span class='ocrx_word' id='word_1_287' title='bbox 493 2964 682 3029; x_wconf 67' lang='lat' dir='ltr'>facins</span> <span class='ocrx_word' id='word_1_288' title='bbox 741 2985 862 3029; x_wconf 89' lang='lat' dir='ltr'>um.</span> <span class='ocrx_word' id='word_1_289' title='bbox 905 2966 1168 3047; x_wconf 80' lang='lat' dir='ltr'>alioquin</span> <span class='ocrx_word' id='word_1_290' title='bbox 1201 2984 1341 3029; x_wconf 88' lang='lat' dir='ltr'>cum</span> <span class='ocrx_word' id='word_1_291' title='bbox 1376 2966 1549 3027; x_wconf 73' lang='lat' dir='ltr'>estem</span> <span class='ocrx_word' id='word_1_292' title='bbox 1586 2962 2053 3032; x_wconf 74' lang='lat' dir='ltr'>adulescentulus</span> 
     </span>
     <span class='ocr_line' id='line_1_33' title="bbox 195 3042 2053 3132; baseline -0.001 -26"><span class='ocrx_word' id='word_1_293' title='bbox 195 3047 494 3109; x_wconf 83' lang='lat' dir='ltr'>cantando</span> <span class='ocrx_word' id='word_1_294' title='bbox 513 3067 658 3131; x_wconf 84' lang='lat' dir='ltr'>pene</span> <span class='ocrx_word' id='word_1_295' title='bbox 673 3048 874 3112; x_wconf 69' lang='lat' dir='ltr'>tisicus</span> <span class='ocrx_word' id='word_1_296' title='bbox 907 3044 1092 3111; x_wconf 66' lang='lat' dir='ltr'>facins</span> <span class='ocrx_word' id='word_1_297' title='bbox 1128 3047 1250 3111; x_wconf 88' lang='lat' dir='ltr'>sum</span> <span class='ocrx_word' id='word_1_298' title='bbox 1272 3094 1290 3121; x_wconf 92' lang='lat'>,</span> <span class='ocrx_word' id='word_1_299' title='bbox 1330 3046 1471 3132; x_wconf 87' lang='lat' dir='ltr'>quid</span> <span class='ocrx_word' id='word_1_300' title='bbox 1492 3044 1743 3111; x_wconf 77' lang='lat' dir='ltr'>saltare?</span> <span class='ocrx_word' id='word_1_301' title='bbox 1774 3045 1920 3131; x_wconf 88' lang='lat' dir='ltr'>quid</span> <span class='ocrx_word' id='word_1_302' title='bbox 1937 3042 2053 3107; x_wconf 87' lang='lat' dir='ltr'>de-</span> 
     </span>
     <span class='ocr_line' id='line_1_34' title="bbox 195 3124 2168 3217; baseline 0.001 -28"><span class='ocrx_word' id='word_1_303' title='bbox 195 3124 443 3192; x_wconf 76' lang='lat' dir='ltr'>uerbia?</span> <span class='ocrx_word' id='word_1_304' title='bbox 477 3132 617 3212; x_wconf 83' lang='lat' dir='ltr'>quid</span> <span class='ocrx_word' id='word_1_305' title='bbox 639 3131 998 3195; x_wconf 78' lang='lat' dir='ltr'>tonstinum?</span> <span class='ocrx_word' id='word_1_306' title='bbox 1024 3136 1109 3216; x_wconf 77' lang='lat' dir='ltr'>qfl</span> <span class='ocrx_word' id='word_1_307' title='bbox 1127 3148 1325 3216; x_wconf 80' lang='lat' dir='ltr'>parem</span> <span class='ocrx_word' id='word_1_308' title='bbox 1346 3129 1519 3193; x_wconf 86' lang='lat' dir='ltr'>babui</span> <span class='ocrx_word' id='word_1_309' title='bbox 1538 3128 1639 3194; x_wconf 84' lang='lat' dir='ltr'>nili</span> <span class='ocrx_word' id='word_1_310' title='bbox 1655 3148 1837 3193; x_wconf 84' lang='lat' dir='ltr'>unum</span> <span class='ocrx_word' id='word_1_311' title='bbox 1854 3127 2046 3213; x_wconf 78' lang='lat' dir='ltr'>appel·</span> <span class='ocrx_word' id='word_1_312' title='bbox 2072 3140 2168 3217; x_wconf 71' lang='lat'>35</span> 
     </span>
     <span class='ocr_line' id='line_1_35' title="bbox 193 3208 2053 3303; baseline 0.001 -30"><span class='ocrx_word' id='word_1_313' title='bbox 193 3210 370 3303; x_wconf 77' lang='lat' dir='ltr'>letem</span> <span class='ocrx_word' id='word_1_314' title='bbox 391 3208 422 3272; x_wconf 64' lang='grc' dir='ltr'><strong><em>ἶ</em></strong></span> <span class='ocrx_word' id='word_1_315' title='bbox 456 3228 540 3291; x_wconf 84' lang='grc' dir='ltr'>ορ</span> <span class='ocrx_word' id='word_1_316' title='bbox 581 3211 848 3295; x_wconf 82' lang='lat' dir='ltr'>ofitaque</span> <span class='ocrx_word' id='word_1_317' title='bbox 863 3211 942 3278; x_wconf 90' lang='lat' dir='ltr'>ad</span> <span class='ocrx_word' id='word_1_318' title='bbox 964 3232 1036 3277; x_wconf 88' lang='lat' dir='ltr'>os</span> <span class='ocrx_word' id='word_1_319' title='bbox 1055 3234 1230 3278; x_wconf 87' lang='lat' dir='ltr'>manu</span> <span class='ocrx_word' id='word_1_320' title='bbox 1249 3212 1447 3276; x_wconf 87' lang='lat' dir='ltr'>nescio</span> <span class='ocrx_word' id='word_1_321' title='bbox 1462 3214 1607 3296; x_wconf 89' lang='lat' dir='ltr'>quid</span> <span class='ocrx_word' id='word_1_322' title='bbox 1628 3230 1845 3277; x_wconf 87' lang='lat' dir='ltr'>tetrum</span> <span class='ocrx_word' id='word_1_323' title='bbox 1864 3208 2053 3275; x_wconf 82' lang='lat' dir='ltr'>exibi-</span> 
     </span>
     <span class='ocr_line' id='line_1_36' title="bbox 192 3292 2055 3375; baseline 0.001 -19"><span class='ocrx_word' id='word_1_324' title='bbox 192 3292 360 3361; x_wconf 73' lang='lat' dir='ltr'>lauit,</span> <span class='ocrx_word' id='word_1_325' title='bbox 388 3310 512 3374; x_wconf 89' lang='lat' dir='ltr'>qno</span> <span class='ocrx_word' id='word_1_326' title='bbox 573 3292 770 3375; x_wconf 82' lang='lat' dir='ltr'>postea</span> <span class='ocrx_word' id='word_1_327' title='bbox 786 3315 1032 3373; x_wconf 73' lang='lat' dir='ltr'>grecum</span> <span class='ocrx_word' id='word_1_328' title='bbox 1051 3295 1166 3361; x_wconf 79' lang='lat' dir='ltr'>effe</span> <span class='ocrx_word' id='word_1_329' title='bbox 1181 3295 1531 3360; x_wconf 77' lang='lat' dir='ltr'>affirmabat.</span> <span class='ocrx_word' id='word_1_330' title='bbox 1562 3314 1671 3359; x_wconf 89' lang='lat' dir='ltr'>nec</span> <span class='ocrx_word' id='word_1_331' title='bbox 1688 3315 1808 3360; x_wconf 89' lang='lat' dir='ltr'>non</span> <span class='ocrx_word' id='word_1_332' title='bbox 1825 3294 2055 3358; x_wconf 84' lang='lat' dir='ltr'>trimal-</span> 
     </span>
     <span class='ocr_line' id='line_1_37' title="bbox 192 3372 2059 3457; baseline 0.001 -20"><span class='ocrx_word' id='word_1_333' title='bbox 192 3375 334 3437; x_wconf 85' lang='lat' dir='ltr'>chio</span> <span class='ocrx_word' id='word_1_334' title='bbox 355 3372 474 3457; x_wconf 84' lang='lat' dir='ltr'>ipse</span> <span class='ocrx_word' id='word_1_335' title='bbox 493 3392 630 3436; x_wconf 87' lang='lat' dir='ltr'>cum</span> <span class='ocrx_word' id='word_1_336' title='bbox 653 3375 940 3440; x_wconf 76' lang='lat' dir='ltr'>tubicines</span> <span class='ocrx_word' id='word_1_337' title='bbox 955 3378 1096 3441; x_wconf 78' lang='lat' dir='ltr'>eliet</span> <span class='ocrx_word' id='word_1_338' title='bbox 1113 3382 1379 3443; x_wconf 85' lang='lat' dir='ltr'>imitatus</span> <span class='ocrx_word' id='word_1_339' title='bbox 1409 3380 1487 3442; x_wconf 82' lang='lat' dir='ltr'>ad</span> <span class='ocrx_word' id='word_1_340' title='bbox 1524 3380 1767 3443; x_wconf 80' lang='lat' dir='ltr'>delicias</span> <span class='ocrx_word' id='word_1_341' title='bbox 1799 3377 1927 3441; x_wconf 83' lang='lat' dir='ltr'>suas</span> <span class='ocrx_word' id='word_1_342' title='bbox 1960 3395 2059 3439; x_wconf 82' lang='lat' dir='ltr'>re-</span> 
     </span>
     <span class='ocr_line' id='line_1_38' title="bbox 193 3456 2057 3546; baseline 0.003 -31"><span class='ocrx_word' id='word_1_343' title='bbox 193 3456 376 3539; x_wconf 79' lang='lat' dir='ltr'>spexit</span> <span class='ocrx_word' id='word_1_344' title='bbox 395 3476 571 3539; x_wconf 83' lang='lat' dir='ltr'>quem</span> <span class='ocrx_word' id='word_1_345' title='bbox 588 3456 816 3519; x_wconf 81' lang='lat' dir='ltr'>cresum</span> <span class='ocrx_word' id='word_1_346' title='bbox 834 3460 1331 3546; x_wconf 85' lang='lat' dir='ltr'>appellabat.puer</span> <span class='ocrx_word' id='word_1_347' title='bbox 1346 3478 1549 3524; x_wconf 83' lang='lat' dir='ltr'>autem</span> <span class='ocrx_word' id='word_1_348' title='bbox 1566 3462 1757 3545; x_wconf 83' lang='lat' dir='ltr'>lippus</span> <span class='ocrx_word' id='word_1_349' title='bbox 1776 3457 2057 3523; x_wconf 83' lang='lat' dir='ltr'>sordidis-</span> 
     </span>
     <span class='ocr_line' id='line_1_39' title="bbox 189 3538 2161 3625; baseline 0 -20"><span class='ocrx_word' id='word_1_350' title='bbox 189 3541 360 3605; x_wconf 86' lang='lat' dir='ltr'>fimus</span> <span class='ocrx_word' id='word_1_351' title='bbox 378 3538 652 3603; x_wconf 86' lang='lat' dir='ltr'>dentibus</span> <span class='ocrx_word' id='word_1_352' title='bbox 666 3541 940 3603; x_wconf 88' lang='lat' dir='ltr'>catellam</span> <span class='ocrx_word' id='word_1_353' title='bbox 957 3541 1208 3625; x_wconf 80' lang='lat' dir='ltr'>nigram,</span> <span class='ocrx_word' id='word_1_354' title='bbox 1225 3560 1403 3625; x_wconf 84' lang='lat' dir='ltr'>atque</span> <span class='ocrx_word' id='word_1_355' title='bbox 1416 3545 1755 3605; x_wconf 80' lang='lat' dir='ltr'>indecenter</span> <span class='ocrx_word' id='word_1_356' title='bbox 1768 3543 2047 3623; x_wconf 77' lang='lat' dir='ltr'>pinguem</span> <span class='ocrx_word' id='word_1_357' title='bbox 2068 3552 2161 3623; x_wconf 83' lang='grc' dir='ltr'>4ο</span> 
     </span>
     <span class='ocr_line' id='line_1_40' title="bbox 191 3620 2349 3709; baseline 0.003 -27"><span class='ocrx_word' id='word_1_358' title='bbox 191 3621 405 3705; x_wconf 83' lang='lat' dir='ltr'>pralina</span> <span class='ocrx_word' id='word_1_359' title='bbox 423 3620 459 3684; x_wconf 89' lang='lat'><em>†</em></span> <span class='ocrx_word' id='word_1_360' title='bbox 491 3621 834 3686; x_wconf 86' lang='lat' dir='ltr'>inuoluebat</span> <span class='ocrx_word' id='word_1_361' title='bbox 868 3621 1042 3685; x_wconf 85' lang='lat' dir='ltr'>fascia</span> <span class='ocrx_word' id='word_1_362' title='bbox 1096 3642 1304 3709; x_wconf 84' lang='lat' dir='ltr'>panem</span> <span class='ocrx_word' id='word_1_363' title='bbox 1350 3640 1425 3684; x_wconf 88' lang='lat' dir='ltr'>ue</span> <span class='ocrx_word' id='word_1_364' title='bbox 1460 3624 1743 3688; x_wconf 85' lang='lat' dir='ltr'>semiflem</span> <span class='ocrx_word' id='word_1_365' title='bbox 1782 3623 2048 3706; x_wconf 84' lang='lat' dir='ltr'>ponebat</span> <span class='ocrx_word' id='word_1_366' title='bbox 2072 3620 2297 3695; x_wconf 73' lang='lat' dir='ltr'>†,1³‚1³fi¹²⁸</span> <span class='ocrx_word' id='word_1_367' title='bbox 2308 3622 2349 3688; x_wconf 61' lang='grc' dir='ltr'>ῖς</span> 
     </span>
     <span class='ocr_line' id='line_1_41' title="bbox 188 3682 2215 3854; baseline -0 -86"><span class='ocrx_word' id='word_1_368' title='bbox 188 3706 220 3768; x_wconf 87' lang='lat' dir='ltr'>s</span> <span class='ocrx_word' id='word_1_369' title='bbox 221 3724 362 3788; x_wconf 83' lang='lat' dir='ltr'>upra</span> <span class='ocrx_word' id='word_1_370' title='bbox 380 3722 580 3773; x_wconf 82' lang='lat' dir='ltr'>totum</span> <span class='ocrx_word' id='word_1_371' title='bbox 599 3722 776 3791; x_wconf 79' lang='lat' dir='ltr'>atque</span> <span class='ocrx_word' id='word_1_372' title='bbox 792 3705 906 3774; x_wconf 82' lang='lat' dir='ltr'>hac</span> <span class='ocrx_word' id='word_1_373' title='bbox 937 3704 1133 3774; x_wconf 77' lang='lat' dir='ltr'>naufia</span> <span class='ocrx_word' id='word_1_374' title='bbox 1166 3724 1305 3774; x_wconf 84' lang='lat' dir='ltr'>recu</span> <span class='ocrx_word' id='word_1_375' title='bbox 1328 3720 1529 3773; x_wconf 78' lang='lat' dir='ltr'>antem</span> <span class='ocrx_word' id='word_1_376' title='bbox 1565 3703 2049 3854; x_wconf 49' lang='lat' dir='ltr'>saginabathquo</span> <span class='ocrx_word' id='word_1_377' title='bbox 2072 3682 2215 3740; x_wconf 51' lang='grc' dir='ltr'>ΜΨ</span> 
     </span>
    </p>

    <p class='ocr_par' dir='ltr' id='par_1_2' title="bbox 1832 3806 2057 3855">
     <span class='ocr_line' id='line_1_42' title="bbox 1832 3806 2057 3855; baseline -0.018 0"><span class='ocrx_word' id='word_1_378' title='bbox 1832 3808 1873 3855; x_wconf 74' lang='lat' dir='ltr'>a</span> <span class='ocrx_word' id='word_1_379' title='bbox 1916 3806 2057 3853; x_wconf 84' lang='lat' dir='ltr'>mo-</span> 
     </span>
    </p>
   </div>
  </div>
 </body>
</html>
