2634 4509
977 258 2102 327 PETRONIVS

616 358 875 501 ΗΒΕ
892 377 958 422 ut
976 360 1220 425 turbato
1240 358 1506 425 clamore
1523 363 1734 427 mulier
1755 358 1964 427 effiidir
1981 410 2000 437 ,
2047 362 2317 448 hesitque.
2336 383 2489 449 pau-

788 443 865 507 lis
930 462 957 505 r
975 446 1131 507 acies
1153 491 1171 517 ,
1213 460 1613 527 reuocateque
1649 445 1728 507 ad
1769 462 1974 529 pacem
1997 466 2204 511 manus
2224 450 2494 512 intermi-

614 524 739 590 sere
757 526 975 588 belum
1002 573 1019 600 ,
1059 526 1247 589 utitur
1283 527 1607 611 penitentie
1623 526 1935 591 occasione
1967 527 2116 592 Dux
2132 532 2452 613 eumolpus
2471 576 2492 603 .

316 612 345 665 Ἰ
362 608 512 662 Licha
620 610 687 674 &
705 608 985 693 castigato
1006 625 1141 672 ante
1160 606 1672 672 uehementiffime
1689 610 1724 672 t
1743 608 1971 673 Liebba
2007 613 2241 675 tabulas
2261 612 2492 675 federis

619 692 802 776 signat
824 739 841 765 ,
880 692 1011 775 quis
1028 694 1139 753 bec
1160 688 1422 754 formula
1438 708 1591 754 erat.
1649 708 1724 753 ex
1761 694 1845 754 tui
1883 693 2061 756 animi
2086 694 2360 759 sententia
2379 696 2489 757 ubi

620 773 833 838 trifena
850 790 1036 857 neque
1054 774 1326 837 iniuriam
1349 773 1456 836 tibi
1477 773 1696 836 fastam
1714 793 1747 836 a
1766 774 2036 855 gytbone
2054 780 2320 859 queraris
2341 823 2358 850 ,
2385 796 2492 839 ne-

616 875 732 942 que
746 854 785 920 fi
802 857 944 940 quid
963 871 1098 919 ante
1115 857 1268 918 hunc
1286 856 1452 919 diem
1473 856 1691 918 fastum
1711 856 1793 919 est
1811 856 2055 933 obiicies
2071 908 2086 931 ,
2108 858 2394 923 iudicabis
2417 876 2492 918 ue

622 956 691 1003 ut
708 955 812 1004 aut
838 939 960 1001 ullo
994 936 1113 1001 alio
1145 956 1365 1021 genere
1398 936 1863 1022 persequendum
1882 942 2120 1004 curabis
2156 958 2222 1005 ut
2242 960 2306 1003 tu
2343 939 2490 1005 nihil

620 1020 939 1105 imperabis
957 1038 1145 1103 puero
1162 1022 1528 1104 repugnanti,
1551 1040 1671 1085 non
1686 1040 1778 1083 am
1825 1023 2044 1091 letum,
2062 1045 2181 1087 non
2199 1024 2492 1097 osculum,

620 1122 745 1169 non
771 1102 1001 1166 coitum
1040 1119 1256 1165 uenere
1291 1101 1667 1167 constrictum
1707 1104 1765 1166 ni
1787 1126 1806 1166 ι
1847 1123 1962 1187 pro
1983 1124 2166 1189 quare
2199 1107 2490 1190 presentes

620 1186 1025 1251 numeraueris
1050 1182 1132 1246 C.
1147 1184 1452 1248 denarios.
1496 1186 1643 1249 Item
1662 1184 1848 1249 Licha
1865 1204 1941 1249 ex
1959 1190 2046 1251 tui
2063 1189 2242 1255 mimi
2264 1190 2490 1253 senten—

620 1271 707 1333 tia
726 1286 793 1332 ut
808 1284 877 1331 tu
892 1266 1214 1349 encolpion
1238 1284 1348 1330 nec
1369 1267 1556 1330 verbo
1573 1268 2005 1333 contumelioso
2022 1270 2362 1354 insequeris,
2379 1288 2488 1333 nec

624 1351 813 1425 uultu,
834 1366 1020 1433 neque
1036 1367 1246 1443 queres
1264 1350 1366 1411 ubi
1385 1349 1558 1412 noCte
1575 1350 1841 1413 dormiat
1856 1398 1875 1425 ,
1910 1370 2010 1415 aut
2027 1351 2066 1416 fi
2128 1352 2354 1417 uefieris
2373 1372 2488 1438 pro

624 1432 857 1519 singulis
876 1432 1099 1496 iniuriis
1117 1430 1451 1495 numerabis
1471 1432 1762 1515 presentes
1779 1431 2058 1499 denarios
2119 1454 2387 1518 ucentos.
2421 1436 2486 1499 ln

624 1518 737 1579 bec
754 1514 947 1613 uerba⁰
955 1513 1257 1579 federibus
1270 1514 1620 1613 compositis
1639 1534 1807 1578 arma
1819 1517 2198 1615 §eponimtm
2247 1518 2487 1615 Exonat

616 1616 773 1747 153³?
768 1596 991 1743 2325,ss
985 1598 2196 1774 52123‘53233}‘3355’23‘053353532322
2205 1602 2490 1757 22²3:ss

614 1763 765 1829 alius
779 1760 962 1846 pisces
982 1762 1169 1825 hamis
1205 1760 1643 1857 blandientibus
1676 1764 2079 1848 compellebat
2113 1766 2361 1849 predam
2394 1784 2490 1829 re-

617 1846 2488 2021 3353232‘33252232-2121‘3325÷:?255‚2”²{¹:÷15}¹2÷²3f22¹12‘3;÷‘:

620 2012 719 2077 ine
735 2008 967 2073 viscatis
980 2008 1067 2071 illi
1111 2025 1205 2072 ate
1220 2006 1537 2073 numinibus
1552 1946 1798 2073 defereg

620 2090 783 2159 lebat
800 2091 1031 2178 plumas
1095 2109 1199 2154 ura
1220 2090 1538 2154 uolitantes
1557 2137 1574 2165 ,
1615 2092 1942 2178 pennasque
1977 2112 2085 2177 per
2117 2097 2306 2159 maria
2321 2096 2487 2160 inani

620 2174 823 2261 spuma
848 2170 1183 2257 torquebat.
1239 2172 1368 2238 Iam
1408 2173 1626 2237 Lichas
1664 2176 1857 2238 redire
1890 2195 2128 2241 mecum
2150 2180 2208 2242 in
2225 2179 2488 2261 gratiam

629 2273 887 2343 ceperat.
938 2256 1064 2321 lam
1112 2254 1379 2339 gythona
1415 2256 1492 2319 tri
1540 2256 1688 2319 hena
1721 2274 1985 2321 extrema
2021 2276 2183 2343 parre
2217 2260 2488 2343 potionis

520 2388 529 2397 .
629 2338 935 2439 spargebat
951 2386 969 2414 ,
988 2356 1127 2402 cum
1146 2338 1458 2422 eumolpus
1563 2336 1680 2420 ipse
1696 2339 1839 2405 uino
1860 2340 2081 2404 solutus
2098 2343 2258 2407 dicta
2277 2344 2494 2407 uolue-

631 2440 712 2489 nt
728 2426 785 2486 in
802 2421 1006 2484 caluos
1023 2420 1262 2505 stiginos
1282 2438 1348 2483 es
1395 2440 1468 2483 ue
1499 2420 1738 2485 iaculari
1767 2423 1965 2485 donec
1995 2423 2346 2509 consumpta
2383 2425 2496 2488 fri·

629 2502 923 2589 gidiffima
940 2502 1271 2566 urbanitate
1291 2524 1322 2566 r
1401 2504 1468 2567 iit
1485 2504 1564 2566 ad
1601 2505 1867 2569 carmina
1901 2506 1998 2570 sua
2017 2553 2036 2581 ,
2069 2508 2348 2594 cepitque
2385 2528 2491 2573 ca·

633 2588 914 2673 pillorum
931 2585 1566 2670 ellegidariondicere.

904 2742 1406 2823 ,Quodformefhlusn
1420 2745 1566 2805 decus
1581 2746 1646 2821 est
1659 2744 1866 2806 cecidere
1883 2748 2068 2822 capim.

996 2830 1356 2909 Vernaenrefique
1365 2848 1527 2887 comas
1543 2828 1698 2905 tristis
1714 2828 1877 2908 abegit
1892 2830 2071 2890 hims-

916 2920 1068 2971 Nunc
1082 2909 1269 2969 vmbra
1285 2910 1592 2988 numesius
1609 2912 1716 2970 iam
1732 2926 1949 2987 tempora
1963 2926 2156 2972 marene

993 2998 1229 3073 Aeraque
1239 2994 1428 3069 nutristis
1441 2993 1572 3051 ridet
1587 2993 1763 3069 adusta
1773 2994 1888 3069 pilis

918 3082 967 3132 Ο
975 3072 1150 3152 fallax
1168 3092 1361 3134 natura
1381 3082 1552 3132 Deum
1568 3094 1666 3152 que
1676 3075 1842 3149 prima
1859 3074 2036 3159 dedisti

990 3156 1141 3215 Beati
1158 3158 1312 3231 nostre
1323 3156 1517 3236 gaudia
1525 3158 1697 3233 prima
1713 3156 1867 3233 r'apis.

1331 3326 1338 3333 .
2003 3234 2236 3311 Verfixs
2325 3238 2402 3315 V
2447 3246 2508 3317 1.

910 3408 1104 3493 Infelix
1116 3410 1259 3470 modo
1274 3410 1491 3472 crinibus
1506 3412 1704 3473 nitebas

914 3504 995 3557 At
1014 3516 1145 3555 nunc
1158 3517 1268 3554 me
1283 3498 1368 3554 uel
1383 3498 1595 3556 rotundo
1611 3498 1689 3557 ltu
1695 3499 1768 3557 ior

918 3578 1300 3657 Ridenusfiagr‘s
1313 3574 1384 3647 ά
1397 3582 1540 3638 times
1549 3584 1742 3658 putans

916 3660 1081 3720 Phebo
1092 3660 1348 3739 pulchrior
1364 3658 1602 3738 &form
1615 3662 1765 3739 phebi

911 3744 1063 3804 Horti
1074 3740 1245 3805 tubere
1258 3746 1398 3827 quod
1407 3746 1598 3807 creauit
1613 3746 1670 3807 in
1683 3747 1790 3807 uda

2443 3843 2522 3895 Vt

1238 4020 1280 4062 *x

1799 2027 1968 2075 antur
1995 2012 2069 2074 ad
2092 2032 2324 2077 manus.
2357 2016 2488 2077 tol·
2614 2062 2615 2065 ,
